1716 2927
260 161 951 211 EPIGRAMMATUM
980 163 1028 208 L.
1063 164 1179 209 XII.

475 331 526 379 Π.
554 336 640 379 'Ad
655 333 745 393 fica
765 333 966 378 carmina.

104 448 272 555 ρυλε
290 485 408 532 modo
428 484 586 532 litoreos
604 484 712 531 ibatis
730 483 888 530 carmina
906 487 1049 548 Pyrgos
1063 516 1076 537 ‚

170 565 225 606 lte
244 562 349 605 Sacra
363 594 374 612 ,
393 559 464 621 jam
486 576 563 606 non
581 558 841 621 pulverulenta
859 557 916 606 via
932 558 997 607 est.

489 747 561 793 III.
596 748 678 792 Ad
694 747 844 792 librum
853 747 996 806 suum.

108 858 230 946 AD
249 896 415 960 populos
433 895 526 942 mitti
545 895 607 958 qui
628 913 745 959 nuper
761 895 806 941 ab
823 895 915 940 urbe
934 893 1105 947 solebas;

170 968 243 1014 Ibis
262 968 300 1014 ἰο
322 972 475 1014 Romam
493 985 591 1013 nunc
608 967 807 1030 peregrine
828 967 922 1012 liber
936 1002 946 1017 ‚

104 1041 269 1088 ¹Auriferi
289 1042 336 1087 de
355 1057 467 1105 gente
484 1041 605 1104 Tagi,
625 1040 822 1104 tetricique
842 1038 1014 1094 Salonis3

169 1119 242 1162 Dat
259 1116 396 1179 patrios
413 1119 546 1162 Manes
565 1131 650 1179 quae
667 1113 756 1161 mihi
779 1130 875 1161 terra
893 1129 1042 1178 po'tens.

105 1189 197 1234 Non
216 1206 337 1234 tamen
358 1187 492 1251 hospes
513 1187 583 1233 eris
598 1223 610 1240 ‚
631 1206 702 1233 nec
721 1187 792 1248 jam
813 1202 922 1250 potes
942 1187 1083 1232 advena
1102 1182 1202 1237 dici‚‘

173 1258 291 1320 Cujus
309 1259 419 1305 habet
437 1260 564 1306 fratres
581 1273 639 1304 tot
658 1259 790 1305 domus
811 1258 882 1304 alta
905 1257 1024 1303 Remi.

105 1331 188 1376 Jure
206 1345 274 1376 tuo
294 1332 499 1377 veneranda
519 1329 608 1377 novi
629 1346 716 1393 pete
734 1330 860 1376 limina
878 1329 1032 1394 templi,

177 1403 332 1451 Reddita
349 1403 472 1451 Pierio
494 1404 572 1450 sunt
590 1403 653 1450 ubi
670 1404 806 1467 templa
825 1402 958 1449 choro.

106 1479 180 1525 Vel
198 1477 223 1524 fi
241 1477 409 1524 malueris
423 1513 434 1529 ‚
456 1477 571 1541 prima
589 1478 756 1542 gradiere
776 1476 941 1524 Subura:

172 1549 274 1596 Atria
293 1549 376 1595 sunt
394 1549 472 1595 illic
492 1549 654 1596 consulis
674 1549 744 1596 alta
762 1548 849 1595 mei.

107 1623 326 1686 Laurigeros
344 1622 480 1669 habitat
501 1623 677 1669 facundus
696 1623 809 1669 Stella
831 1627 1007 1676 Penates,-

178 1697 307 1742 Clarus
326 1698 504 1758 Hyanteae
523 1697 635 1742 Stella
653 1696 772 1743 fitltor
787 1715 904 1760 aquae.

107 1772 204 1815 Fons
224 1768 275 1813 'lbi
294 1766 468 1814 Castalius
485 1767 605 1814 vitreo
626 1785 791 1815 torrente
813 1768 1007 1831 superblt‚'

172 1840 285 1885 Unde
308 1857 443 1885 novem
459 1839 626 1885 dominas
649 1839 748 1902 saepe
767 1838 895 1884 bibiffe
913 1840 1046 1884 ferunt.

107 1909 177 1956 Ille
196 1907 295 1953 dabit
314 1907 460 1971 populo
473 1943 484 1960 ‚
504 1907 737 1971 patribusque
750 1943 761 1961 ,
780 1906 973 1971 equitique
991 1907 1215 1971 legendum;

179 1987 262 2030 Nec
279 1982 427 2028 nimium
445 1981 545 2027 ficcis
564 1982 734 2045 perleget
752 1981 829 2045 ipse
851 1980 969 2044 genis.

112 2058 218 2123 Quid
238 2056 380 2103 titulum
402 2054 551 2118 poscis?
570 2054 693 2100 versus
711 2054 786 2100 duo
804 2052 919 2100 tresve
941 2053 1131 2117 legantur,

177 2131 399 2178 Clamabunt
417 2146 545 2176 omnes
564 2146 600 2175 te
612 2165 626 2186 ‚
644 2126 739 2175 liber
754 2163 766 2184 ‚
785 2126 858 2176 effe
875 2145 1010 2175 meum.

210 2415 440 2469 Martialis.
465 2417 564 2465 Vol.
588 2416 652 2467 II,
1039 2413 1088 2460 M

1297 177 1382 228 177

1337 1561 1393 1592 10

1331 1929 1349 1956 1
1364 1927 1389 1972 ς
1471 1938 1473 1941 ·
