1716 2927
305 141 371 204 '76
578 140 645 191 M.
681 145 841 191 VAL.
874 145 1322 191 MARTIALIS

625 327 848 376 XXXVI.
882 332 963 375 Ad
979 330 1232 378 Pannicum.

311 441 375 528 P
381 496 543 527 ecum:
556 494 594 526 te
611 479 728 527 nolim
744 515 756 534 ‚
777 479 839 527 sed
861 499 930 528 nec
950 481 1096 528 turbare
1113 479 1286 545 capillos:

372 554 574 618 Splendida
593 554 635 600 fit
653 556 771 608 nolo,
790 555 937 601 sordida
958 555 1053 601 nolo
1074 554 1180 601 cutis.

308 630 391 675 Nec
408 628 472 675 tibi
495 628 680 675 mitrarum
697 664 708 683 ‚
728 648 797 676 nec
814 629 856 675 fit
873 629 939 676 tibi
958 630 1068 677 barba
1087 642 1251 677 reorum.v

371 701 478 747 Nolo
496 700 613 748 virum
632 701 783 748 nimium
799 738 811 756 ‚
832 702 992 750 Pannice
1006 739 1019 757 ‚
1039 703 1133 750 nolo
1153 719 1292 766 parum.

308 777 399 820 Sunt
417 773 482 820 tibi
498 792 600 820 crura
620 773 729 838 pilis,
747 774 786 821 &
804 776 886 821 sunt
905 775 970 821 tibi
991 776 1145 840 pe&ora
1167 774 1253 821 setis

371 846 551 896 Horrida:
570 847 632 896 sed
650 866 754 896 mens
772 849 847 903 est,
868 848 1026 896 Pannice
1039 884 1052 904 ,
1067 848 1167 897 vulsa
1189 846 1270 894 tibi,

628 1029 873 1076 XXXVII.
906 1031 962 1075 In
985 1032 1267 1077 Caecilianum,

313 1138 601 1245 QmDQum
621 1175 774 1240 ponitur
794 1176 880 1222 hinc
899 1174 938 1222 δι
955 1175 1041 1222 inde
1055 1211 1067 1229 ‚
1083 1175 1216 1223 verris:

312 1254 493 1298 Mammas
516 1251 663 1298 suminis
678 1288 691 1307 ‚
710 1251 975 1314 imbricemque
993 1252 1101 1314 porci
1115 1287 1131 1305 ‚

314 1327 643 1387 Communemque
663 1323 810 1370 duobus
831 1339 1038 1386 attagenam
1051 1358 1064 1376 ‚

310 1399 475 1444 Mullum
492 1397 683 1444 dimidium
699 1434 711 1452 ‚
731 1397 935 1461 lupumque
955 1409 1104 1450 totum4

312 1473 559 1535 Murenaeque
576 1472 667 1516 latus
681 1505 694 1523 ‚
714 1470 908 1532 femurque
925 1469 1047 1532 pulli,

314 1544 599 1607 Stillantemque
617 1544 707 1590 alica
728 1543 788 1589 sua
804 1543 1030 1606 palumbum.

313 1620 404 1664 Haec
423 1636 505 1663 cum
526 1617 677 1663 condita
694 1618 775 1663 sunt
794 1617 966 1662 madente
986 1622 1148 1679 mappa,¹

314 1692 525 1737 Traduntur
545 1707 665 1753 puero
684 1689 836 1736 domurn
853 1688 1015 1734 ferenda.

316 1766 400 1809 Nos
415 1763 663 1810 accumbimus
680 1761 802 1810 otiosa
822 1762 937 1808 turba.

316 1837 424 1882 Ullus
443 1835 467 1881 fi
487 1836 609 1900 pudor
627 1835 677 1881 est
691 1871 702 1887 ,
722 1852 867 1898 repone
884 1850 1050 1878 coenam:

319 1913 411 1956 Cras
430 1923 467 1955 te
483 1944 495 1962 ‚
512 1907 716 1955 Caeciliane
729 1943 742 1962 ‚
760 1925 836 1954 non
856 1902 1002 1952 vocavi.

675 2080 931 2127 XXXVIII,
964 2080 1018 2124 In
1047 2079 1215 2140 Linum·-

422 2250 499 2280 υιυ
517 2231 604 2279 mihi
620 2231 747 2278 reddat
763 2248 851 2294 ager
865 2266 878 2286 ‚
894 2229 1027 2293 quaeris
1040 2265 1054 2285 ‚
1072 2228 1161 2275 Line
1175 2263 1187 2281 ,
1205 2229 1488 2273 Nomentanus?

392 2309 473 2353 Hoc
489 2303 578 2352 mihi
599 2303 718 2352 reddit
735 2320 823 2367 ager
840 2323 848 2348 ε
868 2319 904 2349 te
918 2336 931 2356 ‚
947 2301 1034 2348 Line
1049 2335 1062 2356 ‚
1079 2317 1157 2347 non
1174 2297 1301 2345 video.
