<?xml version="1.0" encoding="UTF-8"?>
<!DOCTYPE html PUBLIC "-//W3C//DTD XHTML 1.0 Transitional//EN"
    "http://www.w3.org/TR/xhtml1/DTD/xhtml1-transitional.dtd">
<html xmlns="http://www.w3.org/1999/xhtml" xml:lang="en" lang="en">
 <head>
  <title>
</title>
<meta http-equiv="Content-Type" content="text/html;charset=utf-8" />
  <meta name='ocr-system' content='tesseract 3.04.00' />
  <meta name='ocr-capabilities' content='ocr_page ocr_carea ocr_par ocr_line ocrx_word'/>
</head>
<body>
  <div class='ocr_page' id='page_1' title='image "./epigrammataadopt00martuoft_0640.png"; bbox 0 0 1716 2927; ppageno 0'>
   <div class='ocr_carea' id='block_1_1' title="bbox 330 159 1505 233">
    <p class='ocr_par' dir='ltr' id='par_1_1' title="bbox 330 159 1505 233">
     <span class='ocr_line' id='line_1_1' title="bbox 330 159 1505 233; baseline 0.014 -27"><span class='ocrx_word' id='word_1_1' title='bbox 330 159 425 223; x_wconf 71' lang='lat'>308</span> <span class='ocrx_word' id='word_1_2' title='bbox 491 162 901 210; x_wconf 60' lang='lat' dir='ltr'><em>DI&#39;VERSOR</em></span> <span class='ocrx_word' id='word_1_3' title='bbox 920 168 1035 212; x_wconf 63' lang='grc' dir='ltr'>ΠΜ</span> <span class='ocrx_word' id='word_1_4' title='bbox 1066 168 1505 233; x_wconf 60' lang='lat' dir='ltr'><em>PogTARzJM</em></span> 
     </span>
    </p>
   </div>
   <div class='ocr_carea' id='block_1_2' title="bbox 278 265 1212 407">
    <p class='ocr_par' dir='ltr' id='par_1_2' title="bbox 278 265 1212 407">
     <span class='ocr_line' id='line_1_2' title="bbox 324 265 1171 335; baseline 0.011 -24"><span class='ocrx_word' id='word_1_5' title='bbox 324 265 512 313; x_wconf 72' lang='lat' dir='ltr'>Nimirum</span> <span class='ocrx_word' id='word_1_6' title='bbox 528 282 689 331; x_wconf 84' lang='lat' dir='ltr'>apertam</span> <span class='ocrx_word' id='word_1_7' title='bbox 706 270 915 317; x_wconf 82' lang='lat' dir='ltr'>convolatis</span> <span class='ocrx_word' id='word_1_8' title='bbox 933 272 977 317; x_wconf 90' lang='lat' dir='ltr'>ad</span> <span class='ocrx_word' id='word_1_9' title='bbox 997 290 1171 335; x_wconf 83' lang='lat' dir='ltr'>poenam:</span> 
     </span>
     <span class='ocr_line' id='line_1_3' title="bbox 278 329 1212 407; baseline 0.01 -22"><span class='ocrx_word' id='word_1_10' title='bbox 278 329 295 339; x_wconf 32' lang='lat' dir='ltr'>x</span> <span class='ocrx_word' id='word_1_11' title='bbox 322 337 374 386; x_wconf 66' lang='lat' dir='ltr'>&#39;Et</span> <span class='ocrx_word' id='word_1_12' title='bbox 390 359 460 387; x_wconf 90' lang='lat' dir='ltr'>vos</span> <span class='ocrx_word' id='word_1_13' title='bbox 480 339 553 388; x_wconf 88' lang='lat' dir='ltr'>hoc</span> <span class='ocrx_word' id='word_1_14' title='bbox 571 340 689 406; x_wconf 85' lang='lat' dir='ltr'>ipsum</span> <span class='ocrx_word' id='word_1_15' title='bbox 703 377 716 397; x_wconf 83' lang='lat'>‚</span> <span class='ocrx_word' id='word_1_16' title='bbox 736 343 840 407; x_wconf 86' lang='lat' dir='ltr'>quod</span> <span class='ocrx_word' id='word_1_17' title='bbox 857 343 1060 400; x_wconf 79' lang='lat' dir='ltr'>minamur,</span> <span class='ocrx_word' id='word_1_18' title='bbox 1075 344 1212 394; x_wconf 83' lang='lat' dir='ltr'>invitat.</span> 
     </span>
    </p>
   </div>
   <div class='ocr_carea' id='block_1_3' title="bbox 769 519 1092 582">
    <p class='ocr_par' dir='ltr' id='par_1_3' title="bbox 769 519 1092 582">
     <span class='ocr_line' id='line_1_4' title="bbox 769 519 1092 582; baseline 0.009 -16"><span class='ocrx_word' id='word_1_19' title='bbox 769 519 859 566; x_wconf 86' lang='lat' dir='ltr'><strong>LII.</strong></span> <span class='ocrx_word' id='word_1_20' title='bbox 894 523 1092 582; x_wconf 73' lang='lat' dir='ltr'>Priapus,</span> 
     </span>
    </p>
   </div>
   <div class='ocr_carea' id='block_1_4' title="bbox 312 607 1219 1354">
    <p class='ocr_par' dir='ltr' id='par_1_4' title="bbox 320 607 1219 776">
     <span class='ocr_line' id='line_1_5' title="bbox 322 607 1219 723; baseline 0.018 -32"><span class='ocrx_word' id='word_1_21' title='bbox 322 607 497 696; x_wconf 67' lang='lat' dir='ltr'>Heus</span> <span class='ocrx_word' id='word_1_22' title='bbox 515 661 553 694; x_wconf 81' lang='lat' dir='ltr'>tu</span> <span class='ocrx_word' id='word_1_23' title='bbox 567 683 579 701; x_wconf 82' lang='lat'>‚</span> <span class='ocrx_word' id='word_1_24' title='bbox 599 665 674 695; x_wconf 87' lang='lat' dir='ltr'>non</span> <span class='ocrx_word' id='word_1_25' title='bbox 691 649 789 697; x_wconf 92' lang='lat' dir='ltr'>bene</span> <span class='ocrx_word' id='word_1_26' title='bbox 807 650 868 715; x_wconf 74' lang='lat' dir='ltr'>qui</span> <span class='ocrx_word' id='word_1_27' title='bbox 888 671 1034 702; x_wconf 87' lang='lat' dir='ltr'>manum</span> <span class='ocrx_word' id='word_1_28' title='bbox 1052 674 1219 723; x_wconf 82' lang='lat' dir='ltr'>rapacem</span> 
     </span>
     <span class='ocr_line' id='line_1_6' title="bbox 320 721 1117 776; baseline 0.009 -8"><span class='ocrx_word' id='word_1_29' title='bbox 320 722 502 768; x_wconf 80' lang='lat' dir='ltr'>Mandato</span> <span class='ocrx_word' id='word_1_30' title='bbox 521 721 607 768; x_wconf 73' lang='lat' dir='ltr'>mihi</span> <span class='ocrx_word' id='word_1_31' title='bbox 628 723 804 770; x_wconf 81' lang='lat' dir='ltr'>contines</span> <span class='ocrx_word' id='word_1_32' title='bbox 823 725 867 771; x_wconf 90' lang='lat' dir='ltr'>ab</span> <span class='ocrx_word' id='word_1_33' title='bbox 888 726 1026 776; x_wconf 87' lang='lat' dir='ltr'>horto:</span> <span class='ocrx_word' id='word_1_34' title='bbox 1115 721 1117 724; x_wconf 31' lang='lat'><strong><em>¹</em></strong></span> 
     </span>
    </p>

    <p class='ocr_par' dir='ltr' id='par_1_5' title="bbox 312 794 1047 930">
     <span class='ocr_line' id='line_1_7' title="bbox 320 794 1047 858; baseline 0.014 -20"><span class='ocrx_word' id='word_1_35' title='bbox 320 795 395 842; x_wconf 65' lang='lat' dir='ltr'>lam</span> <span class='ocrx_word' id='word_1_36' title='bbox 416 794 570 858; x_wconf 80' lang='lat' dir='ltr'>primum</span> <span class='ocrx_word' id='word_1_37' title='bbox 594 795 703 843; x_wconf 87' lang='lat' dir='ltr'>stator</span> <span class='ocrx_word' id='word_1_38' title='bbox 720 796 780 843; x_wconf 85' lang='lat' dir='ltr'>hic</span> <span class='ocrx_word' id='word_1_39' title='bbox 800 798 1047 858; x_wconf 77' lang='lat' dir='ltr'>libidinosus,</span> 
     </span>
     <span class='ocr_line' id='line_1_8' title="bbox 312 867 951 930; baseline 0.009 -15"><span class='ocrx_word' id='word_1_40' title='bbox 312 867 484 915; x_wconf 63' lang='lat' dir='ltr'>{Alternis</span> <span class='ocrx_word' id='word_1_41' title='bbox 504 868 671 917; x_wconf 87' lang='lat' dir='ltr'>ineundo</span> <span class='ocrx_word' id='word_1_42' title='bbox 690 870 729 919; x_wconf 70' lang='grc' dir='ltr'>ἃ</span> <span class='ocrx_word' id='word_1_43' title='bbox 748 874 951 930; x_wconf 86' lang='lat' dir='ltr'>exeundo,</span> 
     </span>
    </p>

    <p class='ocr_par' dir='ltr' id='par_1_6' title="bbox 321 940 902 1007">
     <span class='ocr_line' id='line_1_9' title="bbox 321 940 902 1007; baseline 0.007 -19"><span class='ocrx_word' id='word_1_44' title='bbox 321 945 433 988; x_wconf 83' lang='lat' dir='ltr'>Porta</span> <span class='ocrx_word' id='word_1_45' title='bbox 450 957 486 988; x_wconf 87' lang='lat' dir='ltr'>te</span> <span class='ocrx_word' id='word_1_46' title='bbox 508 940 618 989; x_wconf 78' lang='lat' dir='ltr'>faciet</span> <span class='ocrx_word' id='word_1_47' title='bbox 637 943 902 1007; x_wconf 75' lang='lat' dir='ltr'>patentiorem.</span> 
     </span>
    </p>

    <p class='ocr_par' dir='ltr' id='par_1_7' title="bbox 316 1016 1021 1081">
     <span class='ocr_line' id='line_1_10' title="bbox 316 1016 1021 1081; baseline 0.009 -20"><span class='ocrx_word' id='word_1_48' title='bbox 316 1016 512 1062; x_wconf 81' lang='lat' dir='ltr'>Accedent</span> <span class='ocrx_word' id='word_1_49' title='bbox 529 1016 603 1062; x_wconf 92' lang='lat' dir='ltr'>duo</span> <span class='ocrx_word' id='word_1_50' title='bbox 619 1050 632 1069; x_wconf 76' lang='grc'>,</span> <span class='ocrx_word' id='word_1_51' title='bbox 651 1016 714 1081; x_wconf 86' lang='lat' dir='ltr'>qui</span> <span class='ocrx_word' id='word_1_52' title='bbox 733 1018 825 1064; x_wconf 85' lang='lat' dir='ltr'>latus</span> <span class='ocrx_word' id='word_1_53' title='bbox 843 1034 990 1067; x_wconf 87' lang='lat' dir='ltr'>tuentur</span> <span class='ocrx_word' id='word_1_54' title='bbox 1007 1053 1021 1074; x_wconf 75' lang='grc'><em>,</em></span> 
     </span>
    </p>

    <p class='ocr_par' dir='ltr' id='par_1_8' title="bbox 314 1088 891 1152">
     <span class='ocr_line' id='line_1_11' title="bbox 314 1088 891 1152; baseline 0.009 -19"><span class='ocrx_word' id='word_1_55' title='bbox 314 1088 472 1134; x_wconf 85' lang='lat' dir='ltr'>Pulchre</span> <span class='ocrx_word' id='word_1_56' title='bbox 491 1088 687 1152; x_wconf 77' lang='lat' dir='ltr'>penfilibus</span> <span class='ocrx_word' id='word_1_57' title='bbox 705 1090 891 1152; x_wconf 76' lang='lat' dir='ltr'>peculiati.</span> 
     </span>
    </p>

    <p class='ocr_par' dir='ltr' id='par_1_9' title="bbox 316 1159 1078 1224">
     <span class='ocr_line' id='line_1_12' title="bbox 316 1159 1078 1224; baseline 0.012 -21"><span class='ocrx_word' id='word_1_58' title='bbox 316 1159 397 1220; x_wconf 83' lang='lat' dir='ltr'>Qui</span> <span class='ocrx_word' id='word_1_59' title='bbox 417 1177 500 1205; x_wconf 88' lang='lat' dir='ltr'>cum</span> <span class='ocrx_word' id='word_1_60' title='bbox 520 1174 557 1205; x_wconf 94' lang='lat' dir='ltr'>te</span> <span class='ocrx_word' id='word_1_61' title='bbox 578 1160 672 1205; x_wconf 82' lang='lat' dir='ltr'>male</span> <span class='ocrx_word' id='word_1_62' title='bbox 690 1160 855 1207; x_wconf 83' lang='lat' dir='ltr'>foderint</span> <span class='ocrx_word' id='word_1_63' title='bbox 871 1163 1078 1224; x_wconf 78' lang='lat' dir='ltr'>jacentem:</span> 
     </span>
    </p>

    <p class='ocr_par' dir='ltr' id='par_1_10' title="bbox 312 1233 973 1297">
     <span class='ocr_line' id='line_1_13' title="bbox 312 1233 973 1297; baseline 0.005 -17"><span class='ocrx_word' id='word_1_64' title='bbox 312 1233 379 1281; x_wconf 71' lang='lat' dir='ltr'>&#39;Ad</span> <span class='ocrx_word' id='word_1_65' title='bbox 399 1250 538 1297; x_wconf 88' lang='lat' dir='ltr'>partem</span> <span class='ocrx_word' id='word_1_66' title='bbox 557 1233 680 1280; x_wconf 85' lang='lat' dir='ltr'>veniet</span> <span class='ocrx_word' id='word_1_67' title='bbox 702 1234 797 1280; x_wconf 82' lang='lat' dir='ltr'>salax</span> <span class='ocrx_word' id='word_1_68' title='bbox 818 1237 973 1291; x_wconf 76' lang='lat' dir='ltr'>asellus,</span> 
     </span>
    </p>

    <p class='ocr_par' dir='ltr' id='par_1_11' title="bbox 317 1306 847 1354">
     <span class='ocr_line' id='line_1_14' title="bbox 317 1306 847 1354; baseline 0.004 -2"><span class='ocrx_word' id='word_1_69' title='bbox 317 1307 411 1353; x_wconf 84' lang='lat' dir='ltr'>Nilo</span> <span class='ocrx_word' id='word_1_70' title='bbox 431 1306 590 1353; x_wconf 76' lang='lat' dir='ltr'>deterius</span> <span class='ocrx_word' id='word_1_71' title='bbox 609 1307 847 1354; x_wconf 83' lang='lat' dir='ltr'>mutoniatus.</span> 
     </span>
    </p>
   </div>
   <div class='ocr_carea' id='block_1_5' title="bbox 314 1380 1117 1503">
    <p class='ocr_par' dir='ltr' id='par_1_12' title="bbox 314 1380 1117 1503">
     <span class='ocr_line' id='line_1_15' title="bbox 314 1380 1064 1444; baseline 0.004 -19"><span class='ocrx_word' id='word_1_72' title='bbox 314 1381 446 1440; x_wconf 82' lang='lat' dir='ltr'>Quare</span> <span class='ocrx_word' id='word_1_73' title='bbox 460 1414 472 1433; x_wconf 84' lang='lat'>‚</span> <span class='ocrx_word' id='word_1_74' title='bbox 493 1381 557 1443; x_wconf 83' lang='lat' dir='ltr'>qui</span> <span class='ocrx_word' id='word_1_75' title='bbox 574 1380 714 1444; x_wconf 85' lang='lat' dir='ltr'>sapiet,</span> <span class='ocrx_word' id='word_1_76' title='bbox 734 1382 869 1428; x_wconf 87' lang='lat' dir='ltr'>malum</span> <span class='ocrx_word' id='word_1_77' title='bbox 889 1380 1064 1440; x_wconf 80' lang='lat' dir='ltr'>cavebit,</span> 
     </span>
     <span class='ocr_line' id='line_1_16' title="bbox 314 1451 1117 1503; baseline 0.007 -6"><span class='ocrx_word' id='word_1_78' title='bbox 314 1452 415 1497; x_wconf 89' lang='lat' dir='ltr'>Cum</span> <span class='ocrx_word' id='word_1_79' title='bbox 430 1465 569 1498; x_wconf 86' lang='lat' dir='ltr'>tantum</span> <span class='ocrx_word' id='word_1_80' title='bbox 587 1451 647 1498; x_wconf 82' lang='lat' dir='ltr'>hic</span> <span class='ocrx_word' id='word_1_81' title='bbox 664 1451 754 1499; x_wconf 82' lang='lat' dir='ltr'>sciet</span> <span class='ocrx_word' id='word_1_82' title='bbox 768 1453 844 1500; x_wconf 83' lang='lat' dir='ltr'>effe</span> <span class='ocrx_word' id='word_1_83' title='bbox 860 1453 1117 1503; x_wconf 79' lang='lat' dir='ltr'>mentularum.</span> 
     </span>
    </p>
   </div>
   <div class='ocr_carea' id='block_1_6' title="bbox 699 1639 1170 1702">
    <p class='ocr_par' dir='ltr' id='par_1_13' title="bbox 699 1639 1170 1702">
     <span class='ocr_line' id='line_1_17' title="bbox 699 1639 1170 1702; baseline 0.008 -19"><span class='ocrx_word' id='word_1_84' title='bbox 699 1639 808 1685; x_wconf 86' lang='lat' dir='ltr'>LIII.</span> <span class='ocrx_word' id='word_1_85' title='bbox 843 1641 889 1685; x_wconf 87' lang='lat' dir='ltr'><em>A</em></span> <span class='ocrx_word' id='word_1_86' title='bbox 891 1643 923 1686; x_wconf 83' lang='lat' dir='ltr'><em>d</em></span> <span class='ocrx_word' id='word_1_87' title='bbox 947 1641 1170 1702; x_wconf 71' lang='lat' dir='ltr'>Priapum·</span> 
     </span>
    </p>
   </div>
   <div class='ocr_carea' id='block_1_7' title="bbox 308 1745 1426 2217">
    <p class='ocr_par' dir='ltr' id='par_1_14' title="bbox 313 1745 1363 1923">
     <span class='ocr_line' id='line_1_18' title="bbox 313 1745 1363 1835; baseline -0.003 0"><span class='ocrx_word' id='word_1_88' title='bbox 313 1745 618 1835; x_wconf 80' lang='lat' dir='ltr'><strong>CONTENTUS</strong></span> <span class='ocrx_word' id='word_1_89' title='bbox 637 1787 791 1834; x_wconf 84' lang='lat' dir='ltr'>modico</span> <span class='ocrx_word' id='word_1_90' title='bbox 808 1786 970 1833; x_wconf 83' lang='lat' dir='ltr'>Bacchus</span> <span class='ocrx_word' id='word_1_91' title='bbox 991 1787 1087 1834; x_wconf 81' lang='lat' dir='ltr'>solet</span> <span class='ocrx_word' id='word_1_92' title='bbox 1102 1786 1174 1833; x_wconf 80' lang='lat' dir='ltr'>effe</span> <span class='ocrx_word' id='word_1_93' title='bbox 1192 1804 1363 1834; x_wconf 82' lang='lat' dir='ltr'>racemo:</span> 
     </span>
     <span class='ocr_line' id='line_1_19' title="bbox 376 1858 1362 1923; baseline 0 -18"><span class='ocrx_word' id='word_1_94' title='bbox 376 1861 472 1905; x_wconf 87' lang='lat' dir='ltr'>Cum</span> <span class='ocrx_word' id='word_1_95' title='bbox 490 1859 634 1923; x_wconf 77' lang='lat' dir='ltr'>capiant</span> <span class='ocrx_word' id='word_1_96' title='bbox 654 1859 717 1905; x_wconf 77' lang='lat' dir='ltr'>alti</span> <span class='ocrx_word' id='word_1_97' title='bbox 738 1859 799 1905; x_wconf 74' lang='lat' dir='ltr'>vix</span> <span class='ocrx_word' id='word_1_98' title='bbox 821 1859 881 1905; x_wconf 88' lang='lat' dir='ltr'>sua</span> <span class='ocrx_word' id='word_1_99' title='bbox 897 1859 1008 1905; x_wconf 86' lang='lat' dir='ltr'>musta</span> <span class='ocrx_word' id='word_1_100' title='bbox 1027 1860 1125 1905; x_wconf 79' lang='lat' dir='ltr'>lacus</span> <span class='ocrx_word' id='word_1_101' title='bbox 1139 1893 1152 1912; x_wconf 87' lang='lat'><strong>‚</strong></span> <span class='ocrx_word' id='word_1_102' title='bbox 1360 1858 1362 1860; x_wconf 38' lang='lat'>¹</span> 
     </span>
    </p>

    <p class='ocr_par' dir='ltr' id='par_1_15' title="bbox 308 1931 1233 2053">
     <span class='ocr_line' id='line_1_20' title="bbox 308 1931 1233 1997; baseline 0 -19"><span class='ocrx_word' id='word_1_103' title='bbox 308 1935 522 1997; x_wconf 83' lang='lat' dir='ltr'>Magnaque</span> <span class='ocrx_word' id='word_1_104' title='bbox 538 1933 719 1980; x_wconf 79' lang='lat' dir='ltr'>foecundis</span> <span class='ocrx_word' id='word_1_105' title='bbox 738 1951 821 1979; x_wconf 90' lang='lat' dir='ltr'>cum</span> <span class='ocrx_word' id='word_1_106' title='bbox 838 1932 1002 1980; x_wconf 85' lang='lat' dir='ltr'>meffibus</span> <span class='ocrx_word' id='word_1_107' title='bbox 1018 1949 1100 1978; x_wconf 79' lang='lat' dir='ltr'>area</span> <span class='ocrx_word' id='word_1_108' title='bbox 1117 1931 1233 1985; x_wconf 86' lang='lat' dir='ltr'>defit,</span> 
     </span>
     <span class='ocr_line' id='line_1_21' title="bbox 377 2005 1105 2053; baseline 0.001 -2"><span class='ocrx_word' id='word_1_109' title='bbox 377 2010 417 2051; x_wconf 88' lang='lat' dir='ltr'>ln</span> <span class='ocrx_word' id='word_1_110' title='bbox 435 2005 582 2052; x_wconf 80' lang='lat' dir='ltr'>Cereris</span> <span class='ocrx_word' id='word_1_111' title='bbox 600 2005 719 2053; x_wconf 81' lang='lat' dir='ltr'>crines</span> <span class='ocrx_word' id='word_1_112' title='bbox 737 2025 808 2053; x_wconf 88' lang='lat' dir='ltr'>una</span> <span class='ocrx_word' id='word_1_113' title='bbox 829 2023 970 2053; x_wconf 86' lang='lat' dir='ltr'>corona</span> <span class='ocrx_word' id='word_1_114' title='bbox 988 2005 1105 2052; x_wconf 76' lang='lat' dir='ltr'>datur.</span> 
     </span>
    </p>

    <p class='ocr_par' dir='ltr' id='par_1_16' title="bbox 309 2075 1426 2217">
     <span class='ocr_line' id='line_1_22' title="bbox 309 2075 1426 2141; baseline 0 -16"><span class='ocrx_word' id='word_1_115' title='bbox 309 2081 369 2125; x_wconf 90' lang='lat' dir='ltr'>Tu</span> <span class='ocrx_word' id='word_1_116' title='bbox 389 2097 538 2141; x_wconf 90' lang='lat' dir='ltr'>quoque</span> <span class='ocrx_word' id='word_1_117' title='bbox 554 2113 566 2132; x_wconf 80' lang='grc'><em>,</em></span> <span class='ocrx_word' id='word_1_118' title='bbox 584 2079 682 2126; x_wconf 75' lang='grc' dir='ltr'>Οῐνε</span> <span class='ocrx_word' id='word_1_119' title='bbox 701 2079 824 2125; x_wconf 70' lang='lat' dir='ltr'>minor</span> <span class='ocrx_word' id='word_1_120' title='bbox 838 2114 851 2133; x_wconf 84' lang='lat'>‚</span> <span class='ocrx_word' id='word_1_121' title='bbox 870 2079 1049 2140; x_wconf 79' lang='lat' dir='ltr'>majorum</span> <span class='ocrx_word' id='word_1_122' title='bbox 1068 2077 1238 2140; x_wconf 85' lang='lat' dir='ltr'>exempla</span> <span class='ocrx_word' id='word_1_123' title='bbox 1255 2075 1397 2126; x_wconf 83' lang='lat' dir='ltr'>secutus</span> <span class='ocrx_word' id='word_1_124' title='bbox 1412 2112 1426 2132; x_wconf 91' lang='lat'>‚</span> 
     </span>
     <span class='ocr_line' id='line_1_23' title="bbox 374 2150 1271 2217; baseline 0.002 -20"><span class='ocrx_word' id='word_1_125' title='bbox 374 2150 551 2212; x_wconf 78' lang='lat' dir='ltr'>Quamvis</span> <span class='ocrx_word' id='word_1_126' title='bbox 569 2170 685 2217; x_wconf 84' lang='lat' dir='ltr'>pauca</span> <span class='ocrx_word' id='word_1_127' title='bbox 701 2154 826 2200; x_wconf 85' lang='lat' dir='ltr'>damus</span> <span class='ocrx_word' id='word_1_128' title='bbox 839 2186 851 2208; x_wconf 88' lang='lat'><strong>‚</strong></span> <span class='ocrx_word' id='word_1_129' title='bbox 870 2152 1020 2200; x_wconf 76' lang='lat' dir='ltr'>consule</span> <span class='ocrx_word' id='word_1_130' title='bbox 1037 2171 1149 2216; x_wconf 86' lang='lat' dir='ltr'>poma</span> <span class='ocrx_word' id='word_1_131' title='bbox 1165 2151 1271 2199; x_wconf 84' lang='lat' dir='ltr'>boni.</span> 
     </span>
    </p>
   </div>
   <div class='ocr_carea' id='block_1_8' title="bbox 1538 1327 1593 1357">
    <p class='ocr_par' dir='ltr' id='par_1_17' title="bbox 1538 1327 1593 1357">
     <span class='ocr_line' id='line_1_24' title="bbox 1538 1327 1593 1357; baseline 0 0"><span class='ocrx_word' id='word_1_132' title='bbox 1538 1327 1593 1357; x_wconf 67' lang='lat'>10</span> 
     </span>
    </p>
   </div>
   <div class='ocr_carea' id='block_1_9' title="bbox 1558 2095 1580 2140">
    <p class='ocr_par' dir='ltr' id='par_1_18' title="bbox 1558 2095 1580 2140">
     <span class='ocr_line' id='line_1_25' title="bbox 1558 2095 1580 2140; baseline 0 0"><span class='ocrx_word' id='word_1_133' title='bbox 1558 2095 1580 2140; x_wconf 83' lang='lat'><em>5</em></span> 
     </span>
    </p>
   </div>
  </div>
 </body>
</html>
