1716 2927
345 152 417 220 3¹5.
637 154 706 202 M.
740 156 901 202 VAL.
935 154 1376 206 MART-lazls
1424 135 1427 137 ’

682 339 893 387 LXXIX.
926 343 981 386 'In
1002 344 1046 388 F
1040 344 1241 391 abullam„

346 453 557 545 OMNES
576 511 637 543 aut
655 498 796 544 vetulas
813 498 923 545 habes
942 499 1099 555 amicas,

345 570 422 614 Aut
442 584 567 632 turpes
580 605 592 623 ‚
609 571 813 635 vetulisque
832 572 1033 619 foediores:

345 642 422 687 Has
442 643 543 688 ducis
563 642 717 690 comites
732 681 744 699 ‚
765 645 948 709 trahisque
967 661 1086 693 tecum

343 717 417 761 Per
435 715 607 761 convivia
623 751 634 769 ‚
653 718 817 779 porticus
835 756 846 773 ‚
865 719 1015 765 theatra.

344 789 408 836 Sic
426 790 611 846 formosa,
627 791 779 838 Fabulla
791 827 803 846 ,
821 791 869 838 fic
888 792 1011 856 puella
1029 808 1080 838 ες.

639 983 831 1030 LXXX.
865 986 945 1030 Ad
966 984 1286 1032 Domitianum.

347 1103 652 1190 SANCTORUM
673 1138 781 1186 nobis
803 1139 975 1186 miracula
995 1138 1116 1185 reddis
1133 1158 1310 1194 avorum,

415 1217 497 1260 Nec
515 1212 649 1277 pateris
662 1247 674 1266 ‚
693 1212 816 1258 Caesar
829 1247 842 1266 ‚
864 1213 983 1259 secula
1001 1230 1086 1258 cana
1103 1212 1221 1258 mori:
1275 1208 1278 1210 ’

350 1288 451 1334 Cum
470 1304 615 1334 veteres
634 1285 742 1332 Latiae
761 1285 849 1332 ritus
866 1302 1088 1333 renovantur
1107 1304 1227 1332 arenae
1241 1319 1255 1340 ,

416 1363 461 1406 Et
480 1376 619 1424 pugnat
635 1358 748 1404 virtus
764 1357 987 1422 fimpliciote
1008 1377 1131 1405 manu.

356 1432 420 1479 sic
440 1432 565 1496 priscis
582 1431 741 1477 servatur
751 1427 881 1477 'honos
899 1446 936 1477 te
953 1430 1104 1494 praefide
1121 1430 1293 1494 templis,

418 1507 465 1550 Et
483 1504 562 1551 casa
580 1521 651 1550 tam
668 1505 772 1550 culto
793 1503 856 1550 sub
875 1507 966 1550 Jove
987 1522 1121 1550 numen
1140 1503 1260 1549 habet.

351 1575 414 1623 Sic
434 1594 532 1622 nova
551 1577 637 1622 dum
655 1576 815 1629 condis;
832 1594 986 1623 revocas
1000 1611 1012 1629 ‚
1033 1575 1189 1639 Auguste
1202 1611 1213 1628 ‚
1231 1573 1379 1638 priora:

420 1650 616 1697 Debentur
634 1668 716 1714 quae
734 1650 838 1703 sunt,
858 1667 1019 1712 quaeque
1037 1648 1140 1694 fuere
1154 1683 1166 1702 ‚
1184 1647 1263 1694 tibi.

747 1838 956 1886 LXXXI.
994 1841 1065 1885 De
1086 1840 1239 1886 Gellia.

355 1964 441 2053 N
444 2018 505 2049 oN
523 2019 590 2066 per
606 2000 753 2064 mystica
769 2000 864 2046 sacra
882 1998 1136 2062 Dindymenes
1149 2032 1162 2051 ‚

357 2078 442 2123 Nec
463 2093 527 2137 per
546 2074 701 2120 Niliacae
722 2073 857 2119 bovem
871 2073 1065 2134 juvencae.‚

359 2151 498 2197 Nullos
517 2147 678 2210 denique
702 2164 767 2210 per
787 2149 891 2191 Deos
906 2180 918 2198 ‚
936 2144 1105 2207 Deasque

360 2227 457 2270 Jurat
473 2220 617 2266 Gellia:
640 2219 703 2265 sed
724 2237 790 2282 per
806 2217 978 2264 uniones.

360 2298 441 2341 Hos
458 2292 709 2356 ampleffitur,
727 2292 795 2337 hos
811 2290 1065 2337 deosculatur:

361 2371 443 2415 Hos
461 2367 587 2414 fratres
604 2381 711 2416 vocat
727 2400 740 2421 ‚
755 2365 825 2412 hos
841 2380 953 2415 vocat
970 2365 1136 2412 sorores:
