1716 2927
253 163 944 211 EPIGRAMMATUM
975 166 1024 214 L.
1058 166 1149 216 XI.

55 265 114 314 Te
131 267 317 332 spe&ante
335 267 435 314 dabit
454 267 560 313 nobls
579 267 708 314 lasciva
728 267 888 315 minister
936 308 940 309 γ

118 340 213 386 Bafia
227 376 238 394 ‚
258 340 331 387 five
350 359 450 387 meus
464 378 476 395 ,
499 341 572 387 five
591 341 658 387 erit
677 340 740 387 ille
757 358 849 387 tuus.

52 413 111 461 Ad
131 432 273 459 coenam
293 413 438 460 venies:
463 414 524 460 sed
544 413 591 458 fic
610 413 727 460 divisa
745 413 935 459 recumbes
950 448 964 469 ‚

121 490 171 533 Ut
189 505 267 533 non
285 503 479 550 tangantur
497 486 609 550 pallia
628 487 747 535 nostra
770 486 851 533 tuis.
944 528 950 533 .

53 559 191 607 Oscula
212 580 287 607 rara
304 560 405 607 dabis
426 561 532 607 nobis
546 596 558 614 ‚
579 560 641 607 sed
664 579 738 607 non
754 560 857 607 dabis
875 560 997 608 ultro:

116 634 197 678 Nec
215 632 313 696 quafi
333 649 444 696 nupta
462 633 593 700 dabir,
617 633 679 679 sed
700 633 795 697 quafi
814 649 926 681 mater
943 653 1045 682 anus.

48 705 88 751 Si
109 722 217 770 potes
236 706 295 752 ista
313 705 413 769 pati,
433 705 458 751 fi
479 706 530 752 nil
549 706 713 770 perferre
732 707 895 754 recusas:

115 776 284 824 Invenies
304 776 367 841 qui
389 795 427 824 te
446 778 606 833 ducere,
623 778 696 825 Sila
712 815 724 834 ‚
743 778 846 827 velit.

415 967 586 1013 XXIV.
620 969 701 1012 Ad
714 969 954 1015 Labullunz.

53 1080 146 1167 D
151 1135 218 1164 υΜ
237 1131 275 1163 te
294 1116 505 1181 prosequor
519 1153 531 1172 ‚
551 1117 591 1164 &
608 1118 760 1165 domum
777 1118 917 1167 reduco
929 1147 942 1174 ‚

51 1194 190 1237 Aurem
209 1191 295 1236 dum
315 1191 379 1237 tibi
398 1187 531 1255 praesto
551 1191 748 1255 garrienti,

49 1267 96 1311 Et
115 1264 293 1328 quidquid
311 1263 476 1327 loqueris
489 1300 502 1319 ‚
521 1265 685 1328 facisque
699 1300 711 1318 ‚
730 1264 841 1311 laudo
854 1300 868 1319 .,

50 1343 160 1400 Quot
177 1338 299 1384 versus
315 1353 488 1402 poterant
499 1372 511 1391 ‚
530 1338 681 1383 Labulle
695 1373 707 1389 ,
724 1338 848 1383 nasci?

47 1415 132 1459 Hoc
149 1413 319 1458 damnum
340 1411 404 1457 tibi
425 1430 498 1458 non
516 1410 661 1458 videtur
677 1411 750 1457 effe
766 1445 779 1464 ‚

48 1487 87 1532 Si
104 1486 208 1549 quod
227 1489 341 1531 Roma
359 1485 480 1548 legit,
498 1483 655 1548 requirit
671 1483 829 1548 hospes,

49 1560 141 1605 Non
160 1558 303 1604 deridet
322 1576 437 1622 eques
451 1593 463 1612 ‚
486 1574 587 1604 tenet
607 1558 778 1614 senator,

49 1631 187 1677 Laudat
207 1630 428 1689 caufidicus‚
447 1647 560 1696 poeta
578 1631 718 1695 carpit,

47 1707 207 1768 Propter
224 1719 260 1750 te
280 1703 402 1768 perit?
422 1704 496 1752 hoc
509 1739 522 1758 ‚
541 1705 692 1751 Labulle
707 1741 719 1760 ‚
738 1722 866 1753 verum
886 1705 960 1753 est?

48 1779 134 1822 Hoc
151 1775 341 1840 quisquam
359 1777 450 1823 ferat
464 1814 477 1832 ‚
495 1792 533 1824 ut
552 1776 618 1824 tibi
637 1793 787 1825 tuorum

48 1847 102 1894 Sit
121 1848 239 1909 major
259 1867 430 1894 numerus
449 1849 703 1913 togatulorum
721 1884 734 1903 ‚

49 1920 244 1966 Librorum
264 1920 351 1966 mihi
370 1920 411 1966 s1t
429 1920 553 1967 minor
571 1928 768 1968 meorum?

46 1993 216 2057 Triginta
234 2013 352 2058 prope
370 1995 440 2055 jam
458 1995 586 2041 diebus
605 2014 674 2041 una
692 1995 742 2042 est

49 2068 170 2115 Nobis
187 2069 318 2134 pagina
338 2068 399 2115 vix
421 2069 588 2133 perabla:
610 2069 658 2116 fic
677 2070 740 2124 fir,

54 2145 151 2190 cum
171 2161 319 2192 coessare
341 2142 444 2191 domi
463 2159 578 2209 POela
595 2161 671 2190 110ss
688 2143 776 2190 vult·

1254 180 1309 229 r4
1318 173 1349 215 1¹-

1282 361 1339 392 10

1274 1797 1330 1829 10
