1716 2927
323 168 386 212 72
593 154 662 199 M.
700 156 1336 202 VAL.MARTJAL15

702 398 705 401 Ι
738 341 901 387 XXIII.
936 343 1009 389 De
1037 345 1190 390 eodem.

328 461 474 548 Nox
491 494 606 544 dicem
622 533 633 553 ‚
652 480 738 545 licet
757 500 871 562 usque
891 517 950 546 me
967 501 1110 563 rogetis
1125 535 1140 555 ‚

327 570 423 632 Quis
442 569 482 615 fit
502 570 709 617 Posthumns
726 570 761 617 in
780 590 866 619 meo
884 570 1019 618 libello
1034 608 1045 623 ,

325 644 417 687 Non
435 641 564 687 dicam.
585 641 672 705 quid
692 643 791 689 enim
809 643 896 689 mihi
914 643 1057 690 necesse
1077 643 1128 690 est

327 715 400 763 Has
421 717 616 763 offendere
635 716 873 771 basiationes,

323 794 424 854 Quae
443 790 480 837 se
498 807 568 837 tam
584 791 681 837 bene
699 789 889 837 vindicare
911 790 1089 854 poffunt?

676 978 845 1024 XXIV.
881 980 934 1023 In
968 979 1218 1025 Candidumo‘

323 1085 396 1172 Sl
413 1123 475 1170 det
494 1123 617 1188 iniqua
636 1123 702 1170 tibi
722 1123 858 1172 tristem
877 1124 1024 1172 fortuna
1046 1140 1184 1171 tearum
1198 1159 1212 1176 ‚

387 1198 579 1259 Squalidus
601 1199 753 1244 haerebo
769 1234 781 1252 ‚
803 1198 1054 1262 pallidiorque
1074 1216 1156 1243 reo.

322 1271 360 1318 Si
375 1273 501 1335 jubeat
520 1272 635 1335 patria
654 1273 864 1319 damnatum
883 1274 1067 1319 excedere
1090 1283 1209 1326 terrag

388 1350 456 1391 Per
475 1346 588 1403 fieta,
608 1363 674 1409 per
691 1344 874 1409 scopulos
891 1345 1025 1391 exsulis
1043 1345 1108 1390 ibo
1130 1362 1272 1390 comes.

322 1421 418 1464 DAT
434 1418 498 1464 tibi
516 1418 670 1465 divitias.
690 1419 824 1482 ecquid
844 1419 924 1465 sunt
944 1420 1005 1465 ista
1022 1419 1208 1465 duorum?

388 1496 461 1538 Das
481 1499 648 1555 partem?
668 1493 821 1537 multum
839 1493 908 1545 est3
930 1492 1101 1538 Candide
1115 1527 1126 1543 ,
1146 1492 1206 1536 das
1223 1488 1393 1552 aliquid?

321 1567 474 1611 Mecum
493 1563 562 1609 eris
580 1581 674 1626 ergo
693 1563 810 1610 miser.
844 1565 946 1626 quod
965 1562 990 1608 {i
1014 1567 1114 1609 Deus
1135 1580 1202 1609 ore
1223 1562 1358 1609 sereno

385 1635 568 1683 Annuerit
583 1656 592 1680 z
607 1635 696 1682 felix
709 1670 721 1689 ‚
738 1635 906 1682 Candide
918 1670 929 1688 ,
947 1634 1046 1681 solus
1065 1635 1148 1681 eris.

710 1821 862 1869 XXV.
896 1824 977 1867 Ad
993 1821 1181 1867 Gallam.

319 1930 467 2016 DAs
485 1987 667 2033 nunquam
682 2005 693 2022 ‚
710 1971 852 2034 semper
871 1967 1054 2033 promittis
1070 2003 1083 2021 ‚
1103 1967 1210 2014 Galla
1225 2004 1238 2021 ‚
1257 1966 1421 2032 roganti.

384 2042 421 2089 Si
438 2044 580 2108 semper
600 2044 694 2091 fallis
708 2080 721 2099 ‚
739 2046 813 2108 jam
830 2063 929 2110 rogo
945 2079 956 2096 ,
976 2043 1107 2099 Galla,
1128 2060 1235 2107 negaz
