1716 2927
230 123 719 173 'EPIGRAMMA
735 123 897 170 TUM
924 127 971 173 L.
1008 129 1144 178 XIV.

397 315 571 361 CLVII.
597 318 722 362 Lanae
739 316 998 362 Pollentinae.

71 417 157 505 N
157 474 219 503 on
239 472 375 504 tantum
396 457 504 521 pullo
524 457 697 521 lugentes
714 456 852 503 vellere
870 456 969 502 lanas
982 492 996 511 .,

134 528 207 573 Sed
225 527 320 574 solet
337 527 377 574 δι
394 528 526 574 calices
546 528 625 573 haec
643 529 730 574 dare
753 542 847 575 terra
865 527 964 575 suos.

506 686 707 735 CLVIII.
739 689 868 734 Idem.

69 782 235 870 LANA
254 819 402 883 quidem
421 819 526 867 tristis
540 856 553 874 ,
571 820 632 866 sed
649 819 763 867 tonfis
782 835 864 883 apta
882 818 1049 867 ministris
1067 857 1080 876 ‚

132 894 275 956 Quales
296 913 373 940 non
391 894 512 957 primo
533 897 579 939 de
596 912 713 958 grege
731 895 854 941 mensa
872 910 993 941 vocat.

315 1048 476 1095 CLIX.
513 1049 754 1097 Tomentum
781 1053 1067 1097 Leuconicum.

68 1152 361 1241 Oppntssffi‘
381 1189 530 1236 nimium
548 1189 668 1237 vicina
688 1189 738 1236 est
759 1190 866 1238 fascia
885 1191 1049 1255 plumae?

130 1263 280 1309 Vellera
297 1262 512 1309 Leuconicis
531 1262 659 1327 accipe
679 1262 753 1308 rasa
770 1262 874 1327 sagis.

354 1408 496 1456 CLX.
534 1410 777 1455 Tomentum
809 1409 1003 1469 Circense.

62 1507 366 1596 Tomi-:mum
383 1547 530 1594 concisa
547 1548 650 1611 palus
669 1547 847 1594 Circense
865 1562 1041 1594 vocatur:
1118 1608 1121 1609 ⁷

127 1624 216 1667 Haec
237 1640 308 1685 pro
328 1621 544 1668 Leuconico
565 1621 730 1667 stramina
746 1637 889 1684 pauper
906 1620 1008 1667 emit.

495 1774 651 1821 CLXI.
685 1776 857 1820 Pluma.

60 1870 259 1956 LAssus
283 1907 467 1970 Amyclaea
485 1907 626 1970 poteris
641 1906 872 1970 requiescere
890 1908 1039 1973 plumam

127 1980 284 2028 Interior
305 1981 419 2046 cygni
438 1998 547 2044 quam
565 1973 632 2027 tibi
649 1980 730 2027 lana
747 1980 862 2028 dedit.

481 2135 659 2183 CLXII.
694 2141 735 2184 F
731 2155 879 2184 oenum.

62 2230 345 2318 FRAUDATA
363 2285 497 2316 tumeat
513 2267 653 2332 fragilis
667 2261 737 2315 'tibi
756 2267 888 2315 culcita
907 2267 1020 2316 mula:

127 2346 215 2391 Non
233 2343 334 2394 venit
348 2337 396 2391 ¹ad
415 2345 527 2392 duros
548 2342 683 2408 pallida
702 2361 785 2390 cura
809 2357 929 2392 toros·

1256 125 1350 191 267
