1716 2927
256 94 938 146 'EPIGRAMMATUM
967 97 1017 144 L.
1053 99 1180 145 VIII.

290 273 447 319 XLIII.
483 272 538 317 Itz
565 272 746 316 Fabium
767 266 809 315 δ’
830 271 1098 337 Chrestillam.

69 386 275 476 Eram
294 443 429 472 uxores
447 424 575 471 Fabius
587 460 600 480 ,
621 421 814 470 Chrestilla
832 421 1008 476 maritos3

131 505 404 563 Funereamque
426 498 518 546 toris
537 497 672 562 quaffat
688 511 846 559 uterque
865 495 998 542 facem.

65 572 238 620 Viflores
257 573 448 619 committe
461 607 474 625 ‚
493 574 640 616 Venus:
662 587 757 632 quos
775 567 839 614 iste
856 569 1018 616 manebit

143 645 270 692 Exitus
282 679 296 700 ‚
315 662 387 691 una
406 644 502 690 duos
517 658 558 689 ut
578 639 735 688 Libitina
750 640 856 687 ferat.
913 676 916 682 .

459 831 620 879 XLIV.
650 832 728 877 Ad
748 831 968 876 Titullum.

74 945 308 1034 Tlrumz
322 1018 333 1037 ‚
355 1000 498 1030 moneo
512 1017 524 1038 ‚
547 981 630 1030 vive
650 981 820 1045 semper3
839 979 913 1026 hoc
935 979 1052 1026 serum
1073 978 1144 1024 est:

71 1059 148 1105 Sub
167 1059 378 1123 paedagogo
397 1057 556 1122 coeperis
572 1057 660 1104 licet
675 1092 688 1109 ‚
706 1057 826 1103 serum
846 1055 908 1101 est.

71 1137 123 1179 At
142 1150 180 1179 tu
193 1167 206 1186 ,
225 1131 336 1178 miser
351 1131 494 1178 Titulle
508 1167 521 1186 ‚
543 1150 612 1178 nec
633 1131 746 1178 senex
766 1129 882 1177 vivis:

71 1205 145 1251 Sed
163 1223 276 1251 omne
293 1204 408 1252 limen
426 1203 589 1252 conteris
608 1204 781 1267 salutator
795 1237 809 1257 ‚

71 1278 119 1322 Et
136 1295 242 1322 mane
259 1276 363 1322 sudas
381 1277 480 1322 urbis
501 1275 636 1322 osculis
652 1276 743 1321 udus
758 1309 772 1328 ‚

71 1352 252 1412 Foroque
271 1338 410 1412 triplici
431 1349 569 1413 sparsus
586 1363 671 1394 ante
688 1364 807 1410 equos
829 1356 988 1401 omnes;

72 1423 282 1486 AEdemque
301 1422 433 1468 Martis
447 1458 460 1476 ‚
483 1421 522 1469 ὅ(
540 1421 714 1468 coloffon
736 1418 885 1484 Augusti

76 1496 202 1542 Curris
221 1514 288 1559 per
309 1513 438 1541 omnes
460 1494 658 1558 tertiasque
673 1530 685 1547 ‚
704 1492 934 1557 quintafque.

74 1572 178 1634 Rape
193 1605 206 1623 ‚
224 1587 390 1635 congere
403 1605 415 1624 ,
434 1569 535 1616 aufer
550 1605 562 1622 ‚
581 1569 743 1633 poffide:
763 1565 1049 1630 relinquendum
1070 1563 1136 1614 est.

72 1646 241 1709 Superba
256 1646 375 1693 denfis
391 1665 472 1694 arca
489 1646 626 1711 palleat
644 1646 798 1692 nummis
809 1680 822 1699 ,

78 1723 241 1767 Centum
262 1721 497 1785 explicentur
515 1720 660 1786 paginae
676 1720 945 1783 Kalendarum:

80 1795 216 1842 Jurabit
236 1796 342 1841 heres
355 1830 367 1848 ,
385 1810 422 1841 te
440 1795 532 1842 nihil
548 1795 734 1858 reliquiffe
748 1831 761 1849 ‚

81 1872 272 1934 Supraque
292 1870 460 1933 pluteum
479 1886 515 1916 te
532 1871 673 1930 jacente
687 1907 700 1925 ‚
720 1871 780 1916 vel
798 1870 947 1925 saxum3
1015 1871 1029 1875 ’

81 1946 207 1990 Fartus
222 1962 367 2008 papyro
386 1944 471 1989 dum
487 1943 553 1989 tibi
571 1959 675 1989 torus
693 1943 849 1998 crescit,

82 2018 230 2064 Flentes
248 2017 422 2081 superbus
443 2017 589 2064 bafiabit
607 2017 826 2071 eunuchos;

81 2093 244 2155 Tuoque
263 2091 369 2138 tristis
389 2092 482 2138 filius
495 2127 507 2143 ,
526 2092 618 2138 velis
636 2092 732 2138 nolis
745 2127 756 2145 ‚

87 2166 184 2211 Cum
202 2165 417 2213 concubino
436 2165 544 2212 nocte
564 2164 725 2212 dormiet
740 2162 871 2228 primm

950 2370 1036 2414 132

1283 101 1356 161 219

1297 1653 1355 1686 10
