1716 2927
389 137 450 196 48
644 142 906 188 Μ.”7ΑΖ,.
940 140 1397 194 MARTJALIS

776 319 944 366 XXIV.
970 321 1052 365 Ad
1071 322 1235 369 Carum.

392 419 484 509 O
507 477 581 506 cm
602 459 773 524 virgineo
793 461 992 509 flavescere
1009 462 1169 529 contigit
1187 484 1304 520 auro,

453 532 523 578 Dic
540 533 602 579 ubi
621 535 817 582 Palladium
837 535 879 582 fit
899 534 989 589 tibi,
1012 539 1131 589 Care,
1150 539 1289 585 decus?

382 605 586 655 ‘Ansmms
607 626 651 654 en
668 608 811 655 domini
832 609 1014 672 fulgentes
1035 629 1219 658 marmore
1237 612 1378 669 vultus,

447 681 562 727 Venit
577 682 622 728 ad
642 681 702 727 has
719 682 819 729 ultro
840 683 958 729 nostra
979 701 1122 730 corona
1140 702 1276 732 comas.
1334 683 1336 685 ¹

381 752 535 801 'Albanae
553 753 668 800 livere
688 755 808 818 potest
825 756 883 822 pia
903 774 1058 819 quercus
1078 757 1189 804 olivae
1203 793 1217 812 ‚
1643 773 1666 822 ς

448 827 621 877 Cinxerit
639 829 816 876 invstlum
834 831 937 894 quod
953 831 1056 894 prior
1074 830 1138 878 illa
1158 848 1282 896 caput.

761 1008 914 1054 XXV.
945 1010 1027 1053 Ad
1041 1011 1227 1054 eundem.

380 1117 542 1224 Quis
560 1154 758 1201 Pallatinos
777 1154 935 1200 imitatus
956 1153 1115 1219 imagine
1134 1156 1271 1208 vultus?

448 1225 652 1273 Phidiacum
672 1228 776 1274 Latio
794 1245 976 1274 marmore
994 1226 1084 1273 vicit
1106 1228 1224 1273 ebur?

377 1302 471 1346 Haec
489 1300 616 1345 mundi
638 1299 771 1353 facie53
794 1299 871 1345 haec
891 1301 973 1346 sunt
991 1299 1089 1347 Jovis
1110 1319 1173 1346 ora
1196 1299 1337 1346 sereni:

444 1373 504 1419 Sic
524 1390 628 1422 tonat
646 1374 709 1421 ille
731 1378 855 1425 Deus-¹
876 1393 958 1420 cum
978 1374 1053 1420 line
1075 1376 1170 1421 nube
1188 1390 1305 1421 tonat.

380 1449 471 1495 Non
492 1449 606 1494 solam
625 1448 750 1494 tribuit
769 1449 884 1494 Pallas
902 1447 965 1493 tibi
979 1484 991 1500 ‚
1009 1450 1104 1494 Care
1120 1485 1132 1501 ,
1151 1466 1352 1494 coronam:
1632 1466 1654 1510 ς

441 1521 611 1585 Effigiem
628 1521 796 1576 domini,
815 1539 922 1585 quam
943 1522 1036 1568 colis
1051 1557 1063 1576 ‚
1082 1521 1144 1568 illa
1164 1520 1276 1567 dedit.

769 1705 942 1750 XXVI.
972 1708 1025 1750 In
1047 1705 1217 1764 Afrum.

375 1821 621 1908 ΒΑΝ-[ΕΜ
639 1856 724 1903 vina
742 1873 843 1903 tuum
864 1856 1011 1920 quoties
1030 1856 1238 1920 aspeximus
1259 1857 1431 1920 Hyllum,

443 1932 595 1979 Lumine
614 1951 705 1984 nm,
728 1932 814 1977 Afer
829 1968 838 1979 ,
861 1931 1066 1977 turbidiore
1090 1947 1206 1976 notas.

377 2006 495 2068 Quod
514 2024 611 2069 rogo
627 2041 639 2059 ‚
660 2005 762 2066 quod
778 2005 893 2051 scelus
915 2005 962 2050 est
975 2041 988 2059 ‚
1009 2004 1162 2050 mollem
1181 2002 1342 2066 speflare
1361 2002 1586 2051 ministrum?

441 2080 644 2143 Aspicimus
665 2080 784 2126 solem
799 2116 810 2133 ‚
828 2079 940 2125 sidera
953 2114 966 2133 ‚
985 2079 1120 2142 templa
1133 2114 1144 2130 ,
1165 2071 1284 2124 Deosss

372 2155 545 2199 Avertam
564 2154 683 2199 vultus
698 2189 710 2206 ‚
729 2168 899 2215 tanquam
921 2152 1005 2197 mihi
1025 2152 1160 2215 pocula
1178 2155 1340 2211 Gorgon
1624 2168 1644 2212 5

438 2224 606 2288 Porrigat
620 2260 631 2276 ,
648 2241 758 2287 atque
779 2225 910 2270 oculos
931 2242 1070 2286 oraque
1093 2224 1211 2270 nostra
1228 2229 1379 2286 tegam?

372 2300 474 2344 Trux
494 2315 571 2344 erat
591 2298 760 2344 Alcides:
781 2299 842 2345 sed
860 2299 992 2362 Hylam
1010 2298 1170 2361 speElare
1189 2298 1333 2346 licebat.

438 2373 580 2421 Ludere
597 2372 788 2422 Mercurio
809 2391 890 2421 cum
912 2374 1130 2437 Ganymede
1148 2372 1248 2421 licet.
