1716 2927
280 131 951 180 EPIGRAMMATUM
980 139 1028 183 L.
1064 139 1155 185 IX.
1299 151 1370 201 73
1436 180 1438 182 ,

87 238 211 284 Nemo
232 237 315 284 suos
335 239 443 298 (haec
459 239 508 285 est
524 239 616 286 aulae
637 257 761 287 natura
778 241 971 304 potentis)

151 310 224 355 Sed
245 310 388 358 domini
407 330 528 358 mores
546 312 770 360 Caesariarlus
790 313 911 360 habet.

449 504 658 552 LXXXI.
691 508 765 553 De
798 505 951 553 Gellio.
976 522 980 527 ·

80 611 352 697 DUXERAT
372 651 532 713 esuriens
551 652 780 716 locupletem
802 671 940 718 pauper
957 671 1140 719 anumque

143 725 334 769 Uxorem:
353 722 468 788 pascit
486 724 632 771 Gellius
646 760 658 779 ‚
679 725 718 773 &
737 725 857 773 futuit.

415 912 649 958 LXXXII.
683 915 765 958 Ad
786 912 985 960 Auc‘lam.

74 1032 288 1118 chron
305 1070 345 1117 ὅ(
360 1071 505 1118 auditor
522 1072 666 1119 nostros
687 1072 845 1136 probat,
867 1071 982 1118 Auele
995 1107 1009 1129 ,
1025 1071 1199 1119 libellos:

139 1146 208 1191 Sed
229 1145 376 1208 quidam
393 1145 541 1192 exafilos
560 1145 634 1192 effe
653 1161 768 1209 poeta
791 1161 915 1209 negat.

71 1219 161 1264 Non
182 1217 332 1263 nimium
351 1236 466 1264 curo:
489 1237 570 1264 nam
591 1236 710 1263 coenae
727 1217 865 1264 fercula
883 1217 1014 1264 nostrae

95 1329 99 1332 .
137 1290 269 1338 Malim
289 1290 458 1339 convivis
472 1327 483 1346 ,
502 1310 610 1355 quam
627 1291 801 1355 placuifl'e
820 1291 936 1339 cocis.

401 1461 648 1508 LXXXIII.
681 1462 735 1507 Itz
755 1462 986 1508 Munnam.

68 1572 329 1658 DIXERAT
345 1610 552 1675 astrologus
571 1609 772 1674 periturum
794 1624 831 1656 te
849 1609 924 1657 cito
940 1646 952 1664 ‚
969 1612 1133 1658 Munna:

134 1685 216 1728 Nec
229 1719 241 1738 ‚
260 1698 352 1746 puto
368 1718 380 1736 ,
402 1683 575 1729 mentitus
594 1682 737 1729 dixerat
757 1683 821 1729 ille
843 1682 933 1730 tibi:

65 1756 162 1801 Nam
181 1771 220 1801 tu
236 1756 323 1802 dum
340 1757 470 1803 metuis
484 1794 497 1813 ‚
516 1775 562 1803 ne
583 1757 671 1820 quid
689 1758 769 1821 post
789 1759 860 1804 fata
879 1757 1065 1822 relinquas
1078 1791 1092 1812 ‚

133 1828 281 1873 Haufisti
302 1829 432 1892 patrias
448 1831 656 1877 luxuriosus
674 1849 777 1894 opes.

65 1899 197 1962 Bisque
217 1897 315 1946 tuum
333 1901 456 1947 decies
476 1921 552 1948 non
572 1918 657 1950 toto
674 1902 788 1949 tabuit
804 1920 926 1948 anno:
1246 1904 1252 1907 ’
1314 1919 1340 1964 ς

129 1972 203 2019 Dic
220 1972 307 2019 mihi
319 2009 333 2030 ‚
353 1992 431 2022 non
448 1974 520 2021 hoc
540 1974 590 2021 est
602 2009 614 2025 ,
631 1977 770 2022 Munna
783 2009 795 2027 ,
812 1974 934 2038 perire
954 1973 1058 2021 cito?
