1716 2927
350 108 445 155 ’122
607 110 672 156 M.
710 112 870 157 VAL.
906 109 1355 158 MARTIAL-I‘S

706 295 869 341 LXXI.
905 297 959 342 Itz
979 271 1213 342 Naevolum.

350 403 619 492 Mna-um
638 461 718 489 cum
738 444 864 489 doleat
881 461 1001 506 puero
1015 478 1026 497 ‚
1044 443 1110 489 tibi
1123 478 1136 496 ‚
1154 442 1317 491 Naevole
1329 475 1342 499 ‚
1359 442 1485 490 culus:

413 518 503 563 Non
523 516 597 563 sum
616 517 762 564 divinus
777 552 791 572 ,
809 517 872 564 sed
892 517 970 563 scio
993 516 1083 581 quid
1104 515 1226 563 facias.

710 675 894 748 LXxn.
927 703 1008 748 Ad
1024 699 1261 759 Lausejam.

354 822 478 908 Vls
500 856 587 904 futui
601 893 613 909 ,
632 875 701 904 nec
718 857 771 905 vis
787 875 930 903 mecum
945 894 956 910 ,
974 858 1123 917 Laufefm
1136 891 1148 908 ‚
1164 855 1291 902 lavari.

416 932 556 977 Nescio
577 932 678 995 quod
695 949 867 994 magnum
887 931 1050 995 suspicot
1072 930 1145 976 effe
1165 929 1282 975 nefas.

356 1007 431 1052 Aut
448 1005 512 1050 tibi
532 1005 704 1067 pannosae
722 1006 887 1069 pendent
904 1024 923 1051 a
941 1004 1095 1068 pefffore
1112 1021 1299 1050 mammae:

423 1079 498 1122 Aut
519 1076 641 1122 sulcos
661 1076 754 1122 uteri
774 1076 937 1141 prodere
958 1076 1054 1122 nuda
1072 1075 1177 1121 times
1191 1078 1213 1119 ε’

355 1154 431 1198 Aut
447 1151 592 1198 infinito
611 1152 771 1198 lacerum
791 1166 893 1216 patet
912 1150 1052 1216 inguen
1071 1150 1192 1198 hiatu:

423 1229 493 1272 Aut
515 1225 653 1289 aliquid
674 1225 784 1271 cunm]
804 1223 994 1289 prominet
1014 1241 1081 1270 ore
1100 1221 1168 1269 tui.

353 1300 426 1347 Sed
446 1299 535 1346 nihil
557 1300 605 1346 est
624 1299 768 1346 horum.
789 1299 903 1345 credo
926 1333 937 1350 ‚
958 1295 1205 1360 pulcherrima
1224 1293 1320 1339 nuda
1338 1305 1391 1340 es;

419 1371 459 1420 Si
478 1389 605 1420 verum
626 1371 676 1418 est
689 1407 703 1427 ‚
722 1369 851 1416 vitium
869 1368 975 1433 pejus
996 1367 1131 1414 habes:
1151 1366 1249 1413 fatua
1266 1383 1320 1414 ες.

707 1552 907 1598 LXXfll.
947 1550 1002 1595 In
1028 1549 1245 1603 Phoehum,

358 1665 594 1752 Domus
614 1717 696 1746 cum
714 1698 839 1764 pueris
858 1697 1072 1745 mutoniatis
1089 1732 1101 1750 ‚

362 1776 409 1819 Et
433 1791 510 1819 non
526 1772 590 1818 stat
606 1771 700 1826 tibi,
718 1770 854 1816 Phoebe
868 1804 881 1822 ‚
899 1768 1002 1832 quod
1020 1767 1083 1812 stat
1101 1765 1186 1812 illis.

362 1843 467 1904 Quid
486 1843 538 1890 vis
558 1861 616 1889 me
630 1878 643 1896 ‚
664 1859 762 1905 rogo
777 1876 789 1895 ‚
812 1840 948 1887 Phoebe
966 1874 978 1892 ‚
996 1836 1198 1902 suspicari?

364 1916 529 1962 Mollem
548 1915 699 1962 credere
719 1930 755 1960 te
776 1913 891 1960 virum
910 1911 1084 1959 volebam
1097 1931 1109 1955 z

370 1987 443 2033 Sed
461 2004 585 2036 tumor
605 2001 715 2052 negat
731 1985 803 2033 effe
823 2000 859 2032 te
878 1983 1076 2032 cinaedum.
