1716 2927
269 156 946 205 EPIGRAMMATUM
974 164 1022 210 L.
1058 166 1125 211 X.
1260 172 1354 231 1¹5}

76 267 207 315 Balnea
225 269 306 333 post
323 270 500 318 decimam
521 271 609 317 laffo
624 308 636 326 ,
655 289 877 336 centumque
896 289 1069 338 petuntur

142 342 386 402 QuadranteS.
405 342 469 389 fiet
484 344 632 407 quando
647 378 660 400 ‚
682 344 802 392 Potite
815 381 828 402 .,
845 345 964 393 liber?

460 548 624 597 LXXI.
658 551 731 596 De
758 552 952 598 Rabirio,

78 686 343 794 Qmsqus
361 725 443 772 laeta
460 724 530 773 tuis
547 725 586 773 δι
605 725 682 773 sera
700 725 912 790 parentibus
933 742 1039 792 optas

141 800 221 842 Fata
237 833 249 851 ‚
264 797 416 844 brevem
435 798 577 845 titulum
598 799 786 846 marmoris
807 799 912 861 liujus
932 818 1024 846 ama.

77 870 261 917 Condidit
277 870 342 916 hac
361 889 455 917 caras
475 871 606 917 tellure
624 872 790 918 Rabirius
813 873 981 920 umbras:

143 943 246 989 Nulli
267 943 366 990 sorte
386 945 508 1006 jacent
527 945 743 991 candidiore
764 946 881 991 senes.

75 1014 133 1060 Bis
153 1016 215 1062 sex
234 1017 337 1063 lustra
356 1016 429 1063 tori
453 1036 528 1063 nox
548 1017 644 1064 mitis
663 1018 700 1065 δι
724 1018 849 1065 ultima
869 1019 994 1074 clufit,
1331 1034 1356 1085 ς’
1380 1060 1388 1069 .

141 1088 316 1135 Arserunt
332 1107 406 1135 uno
427 1089 554 1136 funera
576 1089 662 1137 bina
682 1109 795 1155 rogo.

74 1163 154 1208 Hos
171 1177 289 1208 tamen
310 1177 349 1208 ut
370 1163 494 1226 primis
514 1179 640 1228 raptos
661 1163 724 1210 libi
745 1163 876 1227 quaerit
895 1162 931 1209 in
951 1162 1082 1210 annis:
1110 1163 1114 1166 ’

141 1233 348 1296 Improbius
367 1233 458 1280 nihil
477 1234 532 1281 his
551 1235 698 1283 fletibus
718 1236 790 1283 effe
811 1236 942 1301 potest.

202 1450 383 1496 LXXII.
418 1453 720 1497 Adulacorium
738 1453 786 1497 de
811 1451 964 1513 Caefizre
986 1450 1192 1509 Trajano.

75 1593 318 1679 FausmA
338 1632 524 1678 blanditiae
542 1630 674 1677 venitis
695 1632 739 1678 ad
758 1649 818 1678 me

73 1702 217 1748 Attritis
234 1702 454 1749 miserabiles
473 1702 628 1749 labellis.

73 1775 243 1822 Diuurus
262 1775 452 1822 dominum
469 1811 481 1829 ,
506 1780 700 1837 Deumque
719 1794 796 1820 non
816 1775 916 1821 sum:

73 1851 148 1896 Jarn
171 1867 248 1894 non
268 1849 316 1894 est
333 1849 437 1894 locus
455 1848 520 1894 hac
540 1848 574 1893 iu
595 1849 686 1893 urbe
707 1848 829 1894 vobis.
950 1841 954 1846 ⁵

73 1921 134 1967 Ad
154 1920 304 1967 Parthos
325 1921 456 1983 procul
477 1921 526 1966 ite
547 1920 706 1984 pileatos
722 1955 734 1972 ,
1320 1933 1349 1982 ὲ9

69 1997 121 2040 ⁴Et
138 2011 262 2056 turpes
276 2028 288 2046 ‚
307 1992 533 2055 humilesque
545 2028 556 2045 ‚
577 1992 833 2055 supplicesque

74 2066 257 2112 Pistorum
278 2066 355 2112 sola
370 2065 502 2112 bafiate
520 2084 660 2130 regum.

76 2141 168 2186 Non
190 2141 239 2187 est
258 2139 316 2187 hic
336 2140 531 2195 dominus,
550 2142 612 2187 sed
631 2140 857 2204 iihperat0r‚'

74 2213 149 2260 Sed
166 2213 364 2276 justiflimus
388 2215 551 2260 omnium
570 2214 740 2261 senator:

73 2289 144 2333 Per
162 2304 271 2350 quem
290 2287 336 2332 de
357 2288 481 2351 Stygia
501 2289 617 2333 domo
637 2287 784 2335 redu&
800 2284 852 2333 est
1286 2296 1349 2330 ἰο

69 2359 190 2407 ‘Siccis
207 2359 335 2407 rustica
354 2361 494 2409 Veritas
513 2361 667 2425 capillis.

948 2433 1036 2478 Ha
