1716 2927
235 104 910 152 EPIGRAMMATUM
938 107 987 154 L.
1025 107 1157 156 VIII.

362 273 624 321 XXXVIII.
658 276 739 320 Ad
756 276 984 322 Meliorem.

133 446 179 474 ul
200 427 341 493 praestat
358 426 496 492 pietate
513 426 690 490 pertinaci

37 502 199 548 Sensuro
217 502 313 547 bona
329 500 556 546 liberalitatis
567 536 581 554 ‚

38 576 176 637 Captet
195 572 342 619 forsitan
355 607 368 626 ‚
383 588 444 618 aut
460 572 579 618 vicem
597 570 778 634 reposcat.

37 648 86 691 At
105 644 129 690 fi
149 642 229 708 quis
249 644 336 690 dare
356 642 500 690 nomini
521 641 654 690 relicto

36 719 119 765 Post
135 720 268 764 Manes
280 754 293 772 ‚
313 716 571 779 tumulumque
591 716 824 779 perseverat,<

37 789 186 851 Quaerit
208 789 295 854 quid
309 824 321 842 ,
341 789 404 835 nifi
423 788 564 853 parcius
582 789 744 836 dolere?
774 815 780 831 t

36 865 163 910 Refert
184 861 225 909 fis
243 863 363 909 bonus
378 897 390 914 ,
409 881 453 908 an
474 861 568 907 velis
587 861 723 908 videri.

36 936 179 982 Praestas
195 935 270 981 hoc
283 969 296 988 ‚
315 934 458 980 Melior
473 970 485 987 ‚
505 933 643 980 sciente
662 935 778 982 fama:

35 1007 117 1069 Qui
133 1007 373 1054 sollemnibus
391 1004 517 1053 anxius
534 1006 671 1070 sepulti

11 1115 14 1120 -
35 1084 187 1129 Nomen
210 1100 288 1128 non
308 1081 389 1127 finis
406 1082 559 1128 interire
575 1081 703 1136 Blaefi;

33 1156 81 1199 Et
97 1155 144 1200 de
162 1152 334 1199 munifica
350 1154 522 1216 profusus
539 1172 620 1200 arca

36 1227 96 1272 Ad
115 1225 314 1271 natalitium
330 1226 428 1272 diem
445 1227 649 1273 colendum

36 1299 242 1346 Scribarum
260 1298 416 1344 memori
437 1299 588 1361 piaeque
609 1299 727 1344 turbae

35 1372 159 1432 Quod
177 1371 293 1417 donas
309 1408 321 1425 ‚
341 1369 427 1416 facis
445 1370 524 1434 ipse
540 1369 767 1417 Blaefianum.

34 1447 122 1491 Hoc
138 1444 294 1507 longum
312 1442 402 1496 tibi,
418 1442 492 1488 vita
510 1443 597 1488 dum
617 1441 806 1496 manebit‚'

33 1519 120 1565 Hoc
136 1515 176 1563 δι
195 1517 277 1581 post
291 1517 431 1564 cineres
447 1514 517 1563 erit
533 1515 718 1562 tributum.

330 1694 558 1742 XXXIX.
585 1696 666 1740 Ad
681 1695 1000 1742 Domitianum

131 1873 178 1902 ul
196 1854 369 1902 Palatinae
387 1872 537 1919 caperet
554 1855 724 1903 convivia
741 1857 900 1911 mensae‚'

106 1927 385 1992 Ambrosiasque
403 1928 515 1993 dapes
529 1964 542 1983 ‚
560 1947 636 1975 non
654 1944 731 1975 erat
749 1943 832 1974 ante
851 1929 973 1975 locun

36 1999 109 2046 Hic
129 1999 273 2046 haurire
291 2000 400 2046 decet
420 1999 556 2046 sacrum
571 2035 582 2053 ‚
603 2000 849 2056 Germanice,
868 2000 1014 2055 nefian‘

101 2077 148 2119 Et
167 2074 406 2137 Ganymedea
426 2074 562 2137 pocula
582 2073 691 2120 mixta
709 2092 828 2119 manu.

39 2145 121 2191 Effe
141 2145 233 2192 velis
248 2181 259 2196 ‚
280 2164 351 2192 oro
368 2181 380 2198 ,
399 2145 497 2191 serus
513 2146 671 2193 conviva
691 2145 889 2194 Tonantis.
924 2206 941 2207 ἶ

103 2227 154 2268 At
171 2239 209 2267 tu
229 2220 254 2266 fi
270 2239 448 2285 properas
464 2256 476 2275 ,
493 2219 682 2287 Iuppiter}
705 2220 783 2285 ipse
803 2219 902 2270 veni.
941 2227 943 2229 ’

139 2375 369 2422 hsartialis.
395 2376 492 2422 Vol.
517 2376 581 2422 II.

1261 117 1319 166 ¹7

1262 1098 1318 1129 10

1211 1420 1311 1510 '1¹5
