1716 2927
373 143 433 206 38
631 146 696 192 M.
732 147 831 194 VA
844 148 894 193 L.
928 147 1094 192 MAR
1112 143 1376 194 TJALJS*

698 350 855 397 XLVI.
887 352 969 397 Ad
989 351 1303 398 Marcellinum.

373 477 562 565 Mnus
581 520 850 584 Hyperboreos
869 520 985 568 modo
999 555 1012 575 ‚
1031 518 1282 574 Marcelline,
1301 516 1485 572 Triones}

437 594 481 636 Et
499 593 622 640 Getici
642 595 765 641 tuleris
784 595 899 642 fidera
914 593 1018 658 pigra
1036 593 1147 658 poli,

371 667 468 711 Ecce
486 667 715 714 Prometheae
732 687 839 734 rupes
851 704 864 723 ‚
883 668 922 716 ἃ
941 668 1059 715 fabula
1076 665 1214 714 montis
1227 701 1240 719 ‚

434 743 556 799 Quam
575 760 696 806 prope
715 742 795 788 sunt
816 741 933 789 oculis
952 759 1049 787 nunc
1067 739 1233 786 adeunda
1252 736 1336 785 tuis.

371 811 513 860 Videris
532 814 712 862 immenfis
731 834 812 863 cum
831 816 1059 862 conclamata
1077 812 1239 877 querelis

432 891 522 935 Saxa
541 889 634 935 senis
647 926 658 944 ,
678 890 778 937 dices
792 925 804 944 ‚
823 889 963 937 Durior
983 888 1046 934 ille
1063 887 1143 934 fuit.

370 964 416 1007 Et
430 961 518 1008 licet
537 963 612 1010 hoc
629 964 762 1010 addas:
783 963 905 1011 Potuit
922 961 984 1026 qui
1005 960 1089 1008 talia
1107 960 1201 1009 ferre
1218 993 1230 1013 ‚

433 1037 640 1083 Humanum
656 1036 790 1084 merito
808 1035 961 1083 finxerat
982 1035 1047 1081 ille
1068 1050 1198 1098 genus.

752 1235 934 1283 XLVII.
967 1239 1022 1283 [τι
1052 1238 1249 1284 Gellium.

372 1368 601 1457 Gmms
618 1410 774 1460 aedificat
793 1415 955 1480 semper:
977 1415 1095 1461 modo
1114 1411 1240 1460 limina
1260 1410 1397 1475 ponit,¹

434 1484 544 1529 Nunc
563 1484 704 1531 foribus
726 1488 848 1534 claves
867 1503 989 1552 aptat,
1007 1488 1173 1551 emitque
1191 1486 1304 1532 seras:

365 1556 476 1601 Nunc
496 1556 556 1603 has
573 1593 585 1612 ‚
604 1577 701 1605 nunc
717 1561 796 1608 illas
816 1578 955 1617 mutat,
972 1562 1166 1624 reficitque
1185 1557 1375 1606 fenestras,

433 1632 531 1675 Dum
551 1644 671 1677 tamen
691 1633 873 1690 aedificet‚
892 1635 1072 1697 quidlibet
1091 1633 1157 1679 ille
1175 1631 1274 1677 facit.

369 1702 502 1751 Oranti
522 1721 690 1751 nummos
708 1723 747 1753 ut
766 1707 892 1754 dicere
911 1707 1017 1771 poffit
1036 1706 1158 1753 amico
1178 1740 1191 1759 ‚

433 1781 557 1827 Unum
574 1779 667 1826 illud
686 1779 838 1827 verbum
857 1777 1003 1826 Gellius
1015 1814 1029 1833 ,
1045 1776 1225 1826 AEdifico.

725 1976 926 2024 XLVIII.
960 1978 1014 2022 In
1044 1958 1297 2021 Pannicum.

370 2106 463 2199 D
469 2161 716 2192 Emocm-ros
727 2180 739 2199 ‚
756 2149 927 2192 Zenonas
939 2179 951 2198 ‚
968 2140 1284 2207 inexplicitosque
1299 2137 1471 2187 Platonas
1484 2171 1496 2191 ,

437 2217 632 2280 Quidquid
651 2218 690 2265 &
709 2216 854 2264 hirsutis
874 2217 1015 2280 squalet
1036 2214 1256 2276 imaginibus
1270 2249 1283 2267 ‚

373 2288 432 2336 Sic
450 2288 547 2352 quali
566 2289 788 2354 Pythagorae
805 2289 971 2353 loqueris
994 2288 1200 2340 succeffor‚
1222 2286 1260 2333 8(
1282 2285 1412 2335 heresa

440 2363 658 2428 Praependet
676 2378 804 2413 mento
822 2380 889 2410 nec
907 2360 973 2409 tibi
992 2361 1102 2409 barba
1121 2359 1256 2408 minor,
