1716 2927
365 133 455 194 ηε
619 135 687 179 M.
724 133 884 178 VAL.
920 133 1371 178 MARTIALIS

676 321 954 368 LXXXVII.
987 323 1068 367 Ad
1083 322 1293 382 Caesarem.

360 441 473 528 D!
495 477 561 524 tibi
581 479 695 532 dent,
715 478 754 526 δε
776 495 831 533 tu,
850 478 974 525 Caesar
993 515 1004 534 ,
1025 497 1257 543 quaecunque
1274 479 1446 527 mererisz

425 554 474 596 Di
490 550 578 596 mihi
595 552 683 597 dent
696 587 707 605 ‚
727 550 766 597 ἃ
784 569 843 606 tu,
864 569 947 614 quae
967 551 1059 598 volo
1073 587 1086 605 ,
1104 550 1129 597 s1
1150 551 1280 598 merui.

633 747 927 795 LXXXVIII.
963 750 1012 794 A
1015 752 1046 794 d
1062 750 1341 795 Caecilianum.

365 857 554 945 MANE
572 897 722 944 salutavi
742 917 833 946 vero
855 914 891 945 te
912 898 1062 945 nomine
1085 899 1189 945 casu:

424 973 506 1017 Nec
524 971 599 1017 dixi
619 973 833 1027 dominum,
857 973 1060 1020 Caeciliane
1075 1010 1086 1026 ‚
1109 991 1244 1019 meum.

362 1044 501 1105 Quanti
520 1045 667 1092 libertas
686 1047 829 1092 constet
848 1045 936 1091 mihi
957 1062 1054 1092 tanta
1067 1080 1078 1097 ,
1097 1044 1279 1108 requiris?

428 1119 591 1165 Centum
609 1119 827 1184 quadrantes
846 1119 989 1166 abstulit
1007 1118 1070 1165 illa
1088 1118 1192 1164 mihi.
1287 1168 1290 1169 ⁷

555 1378 558 1380 ,
609 1323 865 1370 LXXXIX.
900 1325 974 1371 De
991 1326 1197 1371 Panareto
1219 1338 1375 1386 potore.

366 1438 514 1526 CUM
532 1491 675 1540 peteret
695 1476 807 1523 seram
829 1477 947 1524 media
971 1477 1038 1538 jam
1058 1476 1168 1524 ηοὲἲε
1189 1476 1373 1524 matellam

432 1554 574 1612 Arguto
596 1549 761 1596 madidus
781 1550 923 1614 pollice
941 1555 1160 1597 Panaretus:

365 1622 559 1685 Spoletina
576 1623 656 1669 data
676 1624 725 1668 est
738 1660 750 1681 ,
770 1625 831 1669 sed
855 1644 961 1687 quam
979 1624 1174 1669 siccaverat
1191 1620 1292 1684 ipse:

432 1698 513 1742 Nec
530 1697 646 1744 fuerat
665 1696 735 1744 soli
759 1712 858 1742 tanta
881 1698 1008 1758 lagena
1029 1694 1122 1739 satis.

363 1768 430 1814 Ille
450 1768 522 1816 fide
541 1769 673 1817 summa
692 1770 788 1813 testae
807 1768 865 1813 sua
883 1766 968 1813 vina
989 1767 1189 1819 remensu5‚

435 1841 610 1887 Reddidit
628 1840 835 1904 oenophori
855 1841 1024 1905 pondera
1047 1840 1156 1903 plena
1175 1839 1239 1886 sui.

366 1915 541 1967 Miraris,
559 1933 732 1979 quantum
754 1915 895 1961 biberat
909 1951 920 1968 ,
938 1914 1074 1978 cepiffe
1093 1915 1288 1977 lagenam}

433 1989 565 2037 Desine
585 1988 706 2036 mirari
720 2024 732 2044 ‚
750 1989 870 2037 Rufe:
889 2007 1031 2038 merum
1049 1987 1203 2036 biberat.
