<?xml version="1.0" encoding="UTF-8"?>
<!DOCTYPE html PUBLIC "-//W3C//DTD XHTML 1.0 Transitional//EN"
    "http://www.w3.org/TR/xhtml1/DTD/xhtml1-transitional.dtd">
<html xmlns="http://www.w3.org/1999/xhtml" xml:lang="en" lang="en">
 <head>
  <title>
</title>
<meta http-equiv="Content-Type" content="text/html;charset=utf-8" />
  <meta name='ocr-system' content='tesseract 3.04.00' />
  <meta name='ocr-capabilities' content='ocr_page ocr_carea ocr_par ocr_line ocrx_word'/>
</head>
<body>
  <div class='ocr_page' id='page_1' title='image "./epigrammataadopt00martuoft_0338.png"; bbox 0 0 1716 2927; ppageno 0'>
   <div class='ocr_carea' id='block_1_1' title="bbox 337 127 1361 182">
    <p class='ocr_par' dir='ltr' id='par_1_1' title="bbox 337 127 1361 182">
     <span class='ocr_line' id='line_1_1' title="bbox 337 127 1361 182; baseline -0.008 -2"><span class='ocrx_word' id='word_1_1' title='bbox 337 127 376 180; x_wconf 83' lang='lat'><strong>6</strong></span> <span class='ocrx_word' id='word_1_2' title='bbox 618 135 685 182; x_wconf 90' lang='lat' dir='ltr'>M.</span> <span class='ocrx_word' id='word_1_3' title='bbox 720 127 1361 179; x_wconf 77' lang='lat' dir='ltr'><em>VALMARTIALIS</em></span> 
     </span>
    </p>
   </div>
   <div class='ocr_carea' id='block_1_2' title="bbox 807 310 1149 377">
    <p class='ocr_par' dir='ltr' id='par_1_2' title="bbox 807 310 1149 377">
     <span class='ocr_line' id='line_1_2' title="bbox 807 310 1149 377; baseline -0.003 -16"><span class='ocrx_word' id='word_1_4' title='bbox 807 314 867 361; x_wconf 90' lang='lat' dir='ltr'>X.</span> <span class='ocrx_word' id='word_1_5' title='bbox 903 314 979 358; x_wconf 77' lang='lat' dir='ltr'>De</span> <span class='ocrx_word' id='word_1_6' title='bbox 1005 310 1149 377; x_wconf 75' lang='lat' dir='ltr'><em>Baffi).</em></span> 
     </span>
    </p>
   </div>
   <div class='ocr_carea' id='block_1_3' title="bbox 348 427 1152 516">
    <p class='ocr_par' dir='ltr' id='par_1_3' title="bbox 348 427 1152 516">
     <span class='ocr_line' id='line_1_3' title="bbox 348 427 1152 516; baseline -0.005 0"><span class='ocrx_word' id='word_1_7' title='bbox 348 427 508 516; x_wconf 71' lang='lat' dir='ltr'>Emr</span> <span class='ocrx_word' id='word_1_8' title='bbox 524 468 686 515; x_wconf 83' lang='lat' dir='ltr'>lacernas</span> <span class='ocrx_word' id='word_1_9' title='bbox 705 466 867 514; x_wconf 68' lang='lat' dir='ltr'>millibus</span> <span class='ocrx_word' id='word_1_10' title='bbox 885 466 1016 512; x_wconf 87' lang='lat' dir='ltr'>decem</span> <span class='ocrx_word' id='word_1_11' title='bbox 1033 464 1152 512; x_wconf 79' lang='lat' dir='ltr'>Baff‘us</span> 
     </span>
    </p>
   </div>
   <div class='ocr_carea' id='block_1_4' title="bbox 346 538 1228 677">
    <p class='ocr_par' dir='ltr' id='par_1_4' title="bbox 346 538 1228 677">
     <span class='ocr_line' id='line_1_4' title="bbox 347 538 1018 605; baseline -0.004 -19"><span class='ocrx_word' id='word_1_12' title='bbox 347 542 479 605; x_wconf 74' lang='lat' dir='ltr'>Tyrias</span> <span class='ocrx_word' id='word_1_13' title='bbox 497 541 637 589; x_wconf 80' lang='lat' dir='ltr'>coloris</span> <span class='ocrx_word' id='word_1_14' title='bbox 661 539 803 604; x_wconf 72' lang='lat' dir='ltr'>optimi.</span> <span class='ocrx_word' id='word_1_15' title='bbox 824 538 1018 585; x_wconf 72' lang='lat' dir='ltr'>lucrifecit.</span> 
     </span>
     <span class='ocr_line' id='line_1_5' title="bbox 346 609 1228 677; baseline -0.008 -14"><span class='ocrx_word' id='word_1_16' title='bbox 346 615 456 662; x_wconf 72' lang='lat' dir='ltr'>Adeo</span> <span class='ocrx_word' id='word_1_17' title='bbox 471 616 567 662; x_wconf 87' lang='lat' dir='ltr'>bene</span> <span class='ocrx_word' id='word_1_18' title='bbox 586 614 700 661; x_wconf 74' lang='lat' dir='ltr'>emit?</span> <span class='ocrx_word' id='word_1_19' title='bbox 718 612 851 677; x_wconf 73' lang='lat' dir='ltr'>inquis.</span> <span class='ocrx_word' id='word_1_20' title='bbox 873 613 989 659; x_wconf 82' lang='lat' dir='ltr'>immo</span> <span class='ocrx_word' id='word_1_21' title='bbox 1007 629 1087 659; x_wconf 89' lang='lat' dir='ltr'>non</span> <span class='ocrx_word' id='word_1_22' title='bbox 1104 609 1228 657; x_wconf 65' lang='lat' dir='ltr'>solvit,</span> 
     </span>
    </p>
   </div>
   <div class='ocr_carea' id='block_1_5' title="bbox 602 792 1387 853">
    <p class='ocr_par' dir='ltr' id='par_1_5' title="bbox 602 792 1387 853">
     <span class='ocr_line' id='line_1_6' title="bbox 602 792 1387 853; baseline -0.006 -13"><span class='ocrx_word' id='word_1_23' title='bbox 602 794 680 840; x_wconf 87' lang='lat' dir='ltr'>X1.</span> <span class='ocrx_word' id='word_1_24' title='bbox 718 796 800 838; x_wconf 87' lang='lat' dir='ltr'>Ad</span> <span class='ocrx_word' id='word_1_25' title='bbox 820 793 1017 853; x_wconf 71' lang='lat' dir='ltr'>Caesa‘rem</span> <span class='ocrx_word' id='word_1_26' title='bbox 1035 792 1354 838; x_wconf 71' lang='lat' dir='ltr'>Domitianum.</span> <span class='ocrx_word' id='word_1_27' title='bbox 1384 817 1387 821; x_wconf 92' lang='lat'>·</span> 
     </span>
    </p>
   </div>
   <div class='ocr_carea' id='block_1_6' title="bbox 350 906 1410 1436">
    <p class='ocr_par' dir='ltr' id='par_1_6' title="bbox 354 906 1401 1082">
     <span class='ocr_line' id='line_1_7' title="bbox 354 906 1401 1004; baseline -0.004 -14"><span class='ocrx_word' id='word_1_28' title='bbox 354 906 419 994; x_wconf 84' lang='lat' dir='ltr'>P</span> <span class='ocrx_word' id='word_1_29' title='bbox 425 961 649 990; x_wconf 72' lang='lat' dir='ltr'>EthlesE</span> <span class='ocrx_word' id='word_1_30' title='bbox 669 959 766 989; x_wconf 81' lang='lat' dir='ltr'>tuam</span> <span class='ocrx_word' id='word_1_31' title='bbox 789 943 858 1004; x_wconf 75' lang='lat' dir='ltr'>jam</span> <span class='ocrx_word' id='word_1_32' title='bbox 877 958 914 989; x_wconf 89' lang='lat' dir='ltr'>te</span> <span class='ocrx_word' id='word_1_33' title='bbox 933 941 999 988; x_wconf 85' lang='lat' dir='ltr'>scit</span> <span class='ocrx_word' id='word_1_34' title='bbox 1019 941 1171 988; x_wconf 86' lang='lat' dir='ltr'>Rhenus</span> <span class='ocrx_word' id='word_1_35' title='bbox 1189 939 1228 985; x_wconf 84' lang='lat' dir='ltr'>in</span> <span class='ocrx_word' id='word_1_36' title='bbox 1246 939 1401 986; x_wconf 84' lang='lat' dir='ltr'>urbem:</span> 
     </span>
     <span class='ocr_line' id='line_1_8' title="bbox 421 1014 1301 1082; baseline -0.006 -19"><span class='ocrx_word' id='word_1_37' title='bbox 421 1022 513 1065; x_wconf 82' lang='lat' dir='ltr'>Nam</span> <span class='ocrx_word' id='word_1_38' title='bbox 532 1018 666 1082; x_wconf 79' lang='lat' dir='ltr'>populi</span> <span class='ocrx_word' id='word_1_39' title='bbox 685 1036 801 1064; x_wconf 88' lang='lat' dir='ltr'>voc-es</span> <span class='ocrx_word' id='word_1_40' title='bbox 816 1016 916 1063; x_wconf 83' lang='lat' dir='ltr'>audit</span> <span class='ocrx_word' id='word_1_41' title='bbox 934 1017 970 1062; x_wconf 78' lang='grc' dir='ltr'>δι</span> <span class='ocrx_word' id='word_1_42' title='bbox 992 1016 1056 1061; x_wconf 81' lang='lat' dir='ltr'>ille</span> <span class='ocrx_word' id='word_1_43' title='bbox 1078 1014 1142 1061; x_wconf 79' lang='lat' dir='ltr'><strong>tui.</strong></span> <span class='ocrx_word' id='word_1_44' title='bbox 1297 1063 1301 1066; x_wconf 49' lang='grc'>,</span> 
     </span>
    </p>

    <p class='ocr_par' dir='ltr' id='par_1_7' title="bbox 350 1087 1315 1227">
     <span class='ocr_line' id='line_1_9' title="bbox 350 1087 1315 1154; baseline -0.003 -17"><span class='ocrx_word' id='word_1_45' title='bbox 350 1092 564 1137; x_wconf 74' lang='lat' dir='ltr'>Sarmaticas</span> <span class='ocrx_word' id='word_1_46' title='bbox 583 1093 690 1137; x_wconf 79' lang='lat' dir='ltr'>etiam</span> <span class='ocrx_word' id='word_1_47' title='bbox 708 1107 839 1154; x_wconf 83' lang='lat' dir='ltr'>gentes</span> <span class='ocrx_word' id='word_1_48' title='bbox 851 1125 862 1140; x_wconf 79' lang='grc'>,</span> <span class='ocrx_word' id='word_1_49' title='bbox 883 1090 1080 1152; x_wconf 78' lang='lat' dir='ltr'>[strumque</span> <span class='ocrx_word' id='word_1_50' title='bbox 1095 1123 1108 1140; x_wconf 82' lang='lat'>,</span> <span class='ocrx_word' id='word_1_51' title='bbox 1124 1087 1315 1151; x_wconf 82' lang='lat' dir='ltr'>Getasque</span> 
     </span>
     <span class='ocr_line' id='line_1_10' title="bbox 420 1162 1125 1227; baseline -0.003 -17"><span class='ocrx_word' id='word_1_52' title='bbox 420 1165 571 1210; x_wconf 74' lang='lat' dir='ltr'>Laeritiae</span> <span class='ocrx_word' id='word_1_53' title='bbox 596 1165 736 1210; x_wconf 81' lang='lat' dir='ltr'>clamor</span> <span class='ocrx_word' id='word_1_54' title='bbox 754 1162 885 1209; x_wconf 79' lang='lat' dir='ltr'>terruit</span> <span class='ocrx_word' id='word_1_55' title='bbox 901 1162 978 1227; x_wconf 68' lang='lat' dir='ltr'><strong>ipse</strong></span> <span class='ocrx_word' id='word_1_56' title='bbox 999 1181 1125 1208; x_wconf 82' lang='lat' dir='ltr'>novae.</span> 
     </span>
    </p>

    <p class='ocr_par' dir='ltr' id='par_1_8' title="bbox 350 1232 1316 1373">
     <span class='ocr_line' id='line_1_11' title="bbox 350 1232 1316 1298; baseline -0.004 -14"><span class='ocrx_word' id='word_1_57' title='bbox 350 1240 449 1284; x_wconf 86' lang='lat' dir='ltr'>Dum</span> <span class='ocrx_word' id='word_1_58' title='bbox 470 1253 506 1282; x_wconf 83' lang='lat' dir='ltr'>te</span> <span class='ocrx_word' id='word_1_59' title='bbox 523 1236 637 1295; x_wconf 72' lang='lat' dir='ltr'>longa</span> <span class='ocrx_word' id='word_1_60' title='bbox 656 1235 757 1282; x_wconf 82' lang='lat' dir='ltr'>sacro</span> <span class='ocrx_word' id='word_1_61' title='bbox 775 1252 1000 1282; x_wconf 85' lang='lat' dir='ltr'>venerantur</span> <span class='ocrx_word' id='word_1_62' title='bbox 1017 1233 1150 1298; x_wconf 82' lang='lat' dir='ltr'>gaudia</span> <span class='ocrx_word' id='word_1_63' title='bbox 1170 1232 1286 1280; x_wconf 80' lang='lat' dir='ltr'>Circo</span> <span class='ocrx_word' id='word_1_64' title='bbox 1300 1266 1316 1288; x_wconf 87' lang='lat'>‚</span> 
     </span>
     <span class='ocr_line' id='line_1_12' title="bbox 420 1308 1270 1373; baseline -0.005 -16"><span class='ocrx_word' id='word_1_65' title='bbox 420 1315 543 1357; x_wconf 81' lang='lat' dir='ltr'><strong>Nemo</strong></span> <span class='ocrx_word' id='word_1_66' title='bbox 564 1328 691 1373; x_wconf 80' lang='lat' dir='ltr'>quater</span> <span class='ocrx_word' id='word_1_67' title='bbox 707 1310 831 1357; x_wconf 76' lang='lat' dir='ltr'><strong>missos</strong></span> <span class='ocrx_word' id='word_1_68' title='bbox 848 1328 996 1356; x_wconf 84' lang='lat' dir='ltr'><strong>currere</strong></span> <span class='ocrx_word' id='word_1_69' title='bbox 1015 1308 1120 1365; x_wconf 82' lang='lat' dir='ltr'>senfit</span> <span class='ocrx_word' id='word_1_70' title='bbox 1138 1326 1270 1372; x_wconf 86' lang='lat' dir='ltr'><strong>equos.</strong></span> 
     </span>
    </p>

    <p class='ocr_par' dir='ltr' id='par_1_9' title="bbox 351 1377 1410 1436">
     <span class='ocr_line' id='line_1_13' title="bbox 351 1377 1410 1436; baseline -0.006 -6"><span class='ocrx_word' id='word_1_71' title='bbox 351 1385 506 1431; x_wconf 82' lang='lat' dir='ltr'>Nullum</span> <span class='ocrx_word' id='word_1_72' title='bbox 529 1387 645 1429; x_wconf 85' lang='lat' dir='ltr'>Roma</span> <span class='ocrx_word' id='word_1_73' title='bbox 666 1386 798 1428; x_wconf 85' lang='lat' dir='ltr'>ducem</span> <span class='ocrx_word' id='word_1_74' title='bbox 813 1418 826 1436; x_wconf 79' lang='lat'><strong>‚</strong></span> <span class='ocrx_word' id='word_1_75' title='bbox 846 1400 916 1428; x_wconf 84' lang='lat' dir='ltr'>nec</span> <span class='ocrx_word' id='word_1_76' title='bbox 934 1397 971 1427; x_wconf 82' lang='lat' dir='ltr'>te</span> <span class='ocrx_word' id='word_1_77' title='bbox 990 1379 1039 1427; x_wconf 88' lang='lat' dir='ltr'>fic</span> <span class='ocrx_word' id='word_1_78' title='bbox 1054 1415 1067 1434; x_wconf 85' lang='grc'>.,</span> <span class='ocrx_word' id='word_1_79' title='bbox 1084 1379 1209 1427; x_wconf 83' lang='lat' dir='ltr'>Caesar</span> <span class='ocrx_word' id='word_1_80' title='bbox 1223 1414 1236 1432; x_wconf 84' lang='lat'>‚</span> <span class='ocrx_word' id='word_1_81' title='bbox 1252 1377 1410 1432; x_wconf 76' lang='lat' dir='ltr'>amavit:</span> 
     </span>
    </p>
   </div>
   <div class='ocr_carea' id='block_1_7' title="bbox 416 1453 1403 1522">
    <p class='ocr_par' dir='ltr' id='par_1_10' title="bbox 416 1453 1403 1522">
     <span class='ocr_line' id='line_1_14' title="bbox 416 1453 1403 1522; baseline -0.006 -17"><span class='ocrx_word' id='word_1_82' title='bbox 416 1460 473 1505; x_wconf 87' lang='lat' dir='ltr'>Te</span> <span class='ocrx_word' id='word_1_83' title='bbox 494 1476 648 1522; x_wconf 88' lang='lat' dir='ltr'>quoque</span> <span class='ocrx_word' id='word_1_84' title='bbox 663 1458 735 1521; x_wconf 81' lang='lat' dir='ltr'>jam</span> <span class='ocrx_word' id='word_1_85' title='bbox 756 1476 835 1506; x_wconf 88' lang='lat' dir='ltr'>non</span> <span class='ocrx_word' id='word_1_86' title='bbox 854 1457 938 1521; x_wconf 86' lang='lat' dir='ltr'>plus</span> <span class='ocrx_word' id='word_1_87' title='bbox 952 1491 964 1511; x_wconf 88' lang='lat'>‚</span> <span class='ocrx_word' id='word_1_88' title='bbox 981 1471 1022 1502; x_wconf 89' lang='lat' dir='ltr'>ut</span> <span class='ocrx_word' id='word_1_89' title='bbox 1038 1454 1131 1502; x_wconf 85' lang='lat' dir='ltr'>velit</span> <span class='ocrx_word' id='word_1_90' title='bbox 1145 1453 1223 1520; x_wconf 83' lang='lat' dir='ltr'>ipsa</span> <span class='ocrx_word' id='word_1_91' title='bbox 1237 1488 1250 1509; x_wconf 95' lang='lat'>,</span> <span class='ocrx_word' id='word_1_92' title='bbox 1269 1453 1403 1519; x_wconf 81' lang='lat' dir='ltr'>potest.</span> 
     </span>
    </p>
   </div>
   <div class='ocr_carea' id='block_1_8' title="bbox 773 1639 1214 1700">
    <p class='ocr_par' dir='ltr' id='par_1_11' title="bbox 773 1639 1214 1700">
     <span class='ocr_line' id='line_1_15' title="bbox 773 1639 1214 1700; baseline -0.016 -11"><span class='ocrx_word' id='word_1_93' title='bbox 773 1642 872 1690; x_wconf 80' lang='grc' dir='ltr'>ΧΠ.</span> <span class='ocrx_word' id='word_1_94' title='bbox 907 1642 989 1687; x_wconf 83' lang='lat' dir='ltr'>Ad</span> <span class='ocrx_word' id='word_1_95' title='bbox 1011 1639 1214 1700; x_wconf 64' lang='lat' dir='ltr'><em>Priscum.</em></span> 
     </span>
    </p>
   </div>
   <div class='ocr_carea' id='block_1_9' title="bbox 354 1750 1285 2075">
    <p class='ocr_par' dir='ltr' id='par_1_12' title="bbox 354 1750 1285 1925">
     <span class='ocr_line' id='line_1_16' title="bbox 354 1750 1285 1855; baseline -0.004 -17"><span class='ocrx_word' id='word_1_96' title='bbox 354 1750 600 1839; x_wconf 74' lang='lat' dir='ltr'><strong>Uxom-:M</strong></span> <span class='ocrx_word' id='word_1_97' title='bbox 618 1809 729 1854; x_wconf 88' lang='lat' dir='ltr'>quare</span> <span class='ocrx_word' id='word_1_98' title='bbox 743 1790 974 1855; x_wconf 82' lang='lat' dir='ltr'>locupletem</span> <span class='ocrx_word' id='word_1_99' title='bbox 993 1791 1130 1837; x_wconf 85' lang='lat' dir='ltr'>ducere</span> <span class='ocrx_word' id='word_1_100' title='bbox 1150 1788 1285 1843; x_wconf 55' lang='lat' dir='ltr'>nolinu</span> 
     </span>
     <span class='ocr_line' id='line_1_17' title="bbox 417 1863 1146 1925; baseline -0.001 -16"><span class='ocrx_word' id='word_1_101' title='bbox 417 1863 620 1925; x_wconf 81' lang='lat' dir='ltr'>Quaeritis?</span> <span class='ocrx_word' id='word_1_102' title='bbox 641 1863 749 1910; x_wconf 84' lang='lat' dir='ltr'>uxori</span> <span class='ocrx_word' id='word_1_103' title='bbox 770 1864 908 1910; x_wconf 85' lang='lat' dir='ltr'>nubere</span> <span class='ocrx_word' id='word_1_104' title='bbox 925 1863 1020 1910; x_wconf 85' lang='lat' dir='ltr'>nolo</span> <span class='ocrx_word' id='word_1_105' title='bbox 1041 1881 1146 1909; x_wconf 86' lang='lat' dir='ltr'><strong>meae.</strong></span> 
     </span>
    </p>

    <p class='ocr_par' dir='ltr' id='par_1_13' title="bbox 354 1933 1225 2075">
     <span class='ocr_line' id='line_1_18' title="bbox 354 1933 1216 1990; baseline -0.007 -6"><span class='ocrx_word' id='word_1_106' title='bbox 354 1935 515 1984; x_wconf 84' lang='lat' dir='ltr'>Inferior</span> <span class='ocrx_word' id='word_1_107' title='bbox 532 1952 699 1982; x_wconf 81' lang='lat' dir='ltr'>matrona</span> <span class='ocrx_word' id='word_1_108' title='bbox 720 1936 786 1983; x_wconf 83' lang='lat' dir='ltr'>suo</span> <span class='ocrx_word' id='word_1_109' title='bbox 807 1935 849 1982; x_wconf 87' lang='lat' dir='ltr'>fit</span> <span class='ocrx_word' id='word_1_110' title='bbox 862 1971 874 1990; x_wconf 82' lang='lat'>‚</span> <span class='ocrx_word' id='word_1_111' title='bbox 894 1935 1041 1990; x_wconf 83' lang='lat' dir='ltr'>Prisce,</span> <span class='ocrx_word' id='word_1_112' title='bbox 1060 1933 1216 1981; x_wconf 76' lang='lat' dir='ltr'>marito:</span> 
     </span>
     <span class='ocr_line' id='line_1_19' title="bbox 419 2009 1225 2075; baseline -0.006 -18"><span class='ocrx_word' id='word_1_113' title='bbox 419 2011 511 2057; x_wconf 86' lang='lat' dir='ltr'>Non</span> <span class='ocrx_word' id='word_1_114' title='bbox 528 2010 634 2056; x_wconf 77' lang='lat' dir='ltr'>aliter</span> <span class='ocrx_word' id='word_1_115' title='bbox 654 2009 793 2057; x_wconf 47' lang='lat' dir='ltr'>fuerin}</span> <span class='ocrx_word' id='word_1_116' title='bbox 811 2009 946 2058; x_wconf 79' lang='lat' dir='ltr'>femina</span> <span class='ocrx_word' id='word_1_117' title='bbox 961 2009 1092 2075; x_wconf 87' lang='lat' dir='ltr'>virque</span> <span class='ocrx_word' id='word_1_118' title='bbox 1108 2025 1225 2073; x_wconf 83' lang='lat' dir='ltr'>pares.</span> 
     </span>
    </p>
   </div>
  </div>
 </body>
</html>
