1716 2927
282 139 953 188 EPIGRAMMATHM
983 145 1031 190 L.
1066 143 1150 192 JV.

89 247 150 294 Ne
167 244 333 292 madidos
351 246 460 292 intret
481 248 706 308 penetrabile
723 248 837 312 frigus
858 249 895 294 in
913 267 1032 304 artus,

155 321 261 365 Neve
281 319 395 383 gravis
414 319 526 365 subita
546 335 582 365 te
599 336 739 382 premat
757 320 820 367 Iris
839 339 944 384 aqua.

87 392 237 439 Ridebis
259 410 390 439 ventos
412 393 484 438 hoc
504 411 655 439 munere
676 393 789 439 tefflus
808 393 848 441 ἃ
867 393 1021 442 imbres:

151 471 233 514 Nec
253 467 300 514 fic
317 467 355 514 in
371 467 484 532 Tyria
505 467 658 514 findone
676 485 770 516 tutus
791 469 875 516 eris.

381 650 488 698 XX.
523 653 595 697 De
617 653 798 699 Caerellia
820 651 863 700 ὃ*
885 652 1038 701 Gellia.

64 760 270 853 'chrr
288 798 325 845 se
342 786 528 852 vetulam,
550 817 631 845 cum
650 799 691 847 fit
712 800 884 848 Caerellia
903 820 1056 867 puppa:
1148 774 1151 776 -

149 874 311 935 Puppam
333 872 368 917 se
389 871 476 918 dicit
495 873 617 918 Gellia
633 908 646 927 .,
664 893 746 920 cum
765 875 806 920 fit
823 893 926 922 anus.

83 947 195 990 Ferre
213 963 278 990 nec
297 944 387 991 hanc
406 947 515 1009 poffis
530 986 541 1001 .,
560 949 667 1011 poffis
683 984 694 1001 .‚
715 949 878 1004 Coline‚
901 967 970 997 nec
986 945 1107 997 illam:

147 1018 276 1066 Altera
295 1017 448 1067 ridicula
466 1021 515 1067 est
532 1056 544 1077 ,
563 1021 674 1068 altera
690 1021 871 1085 putidula.

517 1203 644 1254 XXI.
678 1206 751 1253 De
777 1209 811 1251 S
811 1208 903 1252 elio.

82 1322 298 1409 Nouos
318 1359 391 1405 effe
407 1363 512 1406 Deos
525 1394 536 1412 ,
555 1359 662 1405 inane
682 1360 818 1406 coelum
857 1378 860 1380 ’

82 1435 248 1481 Affirmat
269 1433 409 1483 Selius,
432 1434 661 1497 probatque;
681 1435 784 1496 quod
806 1434 844 1478 se

79 1504 252 1562 Paetum
271 1508 355 1553 dum
375 1522 483 1570 negat
499 1506 572 1553 hoc
586 1541 598 1560 ‚
617 1505 717 1554 videt
735 1506 899 1552 beatum:

449 1684 595 1731 XXII.
631 1686 704 1730 De
732 1688 958 1746 Cleopatra.

83 1808 289 1892 Parmos
306 1843 401 1906 paffa
419 1859 524 1888 toros
537 1877 548 1893 ,
571 1842 609 1888 &
627 1842 744 1888 adhuc
763 1842 940 1906 placanda
957 1840 1111 1896 marito,

143 1917 326 1963 Merserat
346 1915 381 1960 in
403 1914 539 1960 nitidos
558 1914 594 1959 se
612 1915 813 1977 Cleopatra
833 1917 954 1967 lacus;

78 1992 175 2036 Dum
193 1988 287 2053 fugit
303 1989 515 2051 amplexus:
535 1988 594 2033 sed
615 1986 781 2050 prodidit
797 1987 894 2032 unda
911 1987 1087 2032 latentem
1101 2019 1114 2041 ‚

145 2061 305 2106 anebat
326 2060 415 2106 totis
431 2080 511 2106 cum
532 2076 719 2124 tegeretur
735 2057 852 2121 aquis.
904 2076 909 2082 ’

80 2135 245 2181 Condita
261 2133 310 2179 fic
328 2153 422 2196 puro
443 2152 676 2180 numerantur
694 2133 767 2178 lilia
787 2131 907 2177 virro:

145 2209 205 2254 Sic
220 2200 395 2272 prohibet
412 2225 552 2254 teneras
569 2225 711 2272 gemma
731 2206 844 2250 latere
862 2205 970 2251 rosaS.

77 2282 198 2330 Insilui
215 2320 225 2335 ,
244 2284 451 2345 mersusque
466 2282 563 2329 vadis
584 2279 754 2326 lufiantia
770 2278 882 2342 carpsi
910 2297 913 2300 ·

142 2354 261 2407 Basta:
286 2355 486 2419 perspicuae
505 2355 587 2419 plus
604 2352 763 2402 vetuistis
779 2369 899 2415 aquae,
