1716 2927
354 127 451 178 '108
618 123 717 178 Μ
751 130 1391 180 VAL.MART1ALffl

799 328 915 374 LIV.
950 328 1003 372 In
1026 327 1173 374 Olum.

354 435 586 526 BJENSAS
598 511 611 531 ‚
628 475 703 522 ole
716 509 729 530 .,
747 476 866 523 bonas
881 476 1018 540 ponis:
1038 477 1103 524 sed
1120 475 1233 541 ponis
1253 490 1418 541 operum*

421 547 629 597 Ridiculum
650 550 722 596 est:
742 550 890 615 possum
908 549 958 598 fic
975 569 1051 615 ego
1072 550 1209 599 habere
1225 549 1356 600 bonas,

773 743 869 790 LV.
893 747 947 790 Itz
971 745 1222 792 Marullam.

360 848 663 937 ARRECTUM
681 889 831 954 quoties
851 892 1010 938 Marulla
1027 911 1164 956 penem

355 965 519 1011 Pensavit
537 966 660 1030 digitis
675 1003 686 1020 ,
706 967 843 1032 diuque
865 970 989 1015 mensa
1009 969 1087 1015 est:

356 1036 478 1083 Libras
493 1073 505 1091 ‚
523 1039 691 1102 scriptula
705 1075 717 1093 ,
735 1040 967 1104 sextulasque
983 1041 1089 1088 dicit,

357 1110 458 1156 Idem
479 1112 560 1174 post
580 1131 675 1176 opus
689 1147 701 1167 ‚
721 1112 761 1160 &
779 1114 854 1161 suas
878 1114 1059 1177 palaestras
1074 1149 1088 1168 ,
1130 1128 1132 1130 ’

356 1186 460 1231 Loro
479 1203 561 1232 cum
579 1185 700 1233 fimilis
717 1187 813 1249 jacet
835 1185 984 1233 remisso
1003 1205 1013 1230 :

359 1259 515 1317 Quanto
536 1259 578 1305 fit
595 1259 719 1306 levior
735 1261 896 1307 Marulla
914 1258 1021 1305 dicit.

357 1332 451 1379 Non
470 1351 564 1398 ergo
585 1335 634 1380 est
651 1352 774 1382 manus
791 1333 851 1381 ista
864 1369 878 1390 ‚
896 1332 961 1381 sed
982 1332 1126 1380 statera.

779 1513 896 1559 LVI.
930 1514 986 1558 In
1012 1511 1205 1557 Gallum.

365 1633 546 1720 Tom
560 1710 572 1728 ‚
592 1674 702 1722 Galle
714 1709 725 1728 ‚
743 1674 847 1736 jubes
865 1675 930 1722 tibi
948 1692 1008 1722 me
1025 1673 1162 1720 servire
1180 1670 1341 1731 diebus,'

428 1749 474 1792 Et
491 1766 557 1811 per
577 1748 798 1796 Aventinum
816 1765 873 1795 ter
890 1765 1019 1813 quater
1036 1747 1089 1794 ire
1110 1763 1226 1793 tuum.

364 1819 503 1866 Eximit
517 1858 530 1875 ‚
547 1838 606 1869 aut
626 1822 744 1870 reficit
761 1823 913 1870 dentem
930 1821 1133 1869 Cascellius
1152 1837 1317 1883 aegrumz

429 1894 585 1941 Infestos
603 1896 722 1942 oculis
740 1896 812 1943 uris
825 1932 837 1950 ‚
855 1894 996 1961 Higlne
1012 1932 1024 1950 ‚
1043 1894 1157 1959 pilos.

365 1970 456 2014 Non
475 1969 571 2016 secat
589 1969 747 2018 &tollit
764 1971 958 2018 stillantem
980 1969 1137 2017 Fannius
1156 1986 1290 2015 uvam:

429 2042 558 2089 Tristia
577 2044 765 2092 servorum
787 2043 951 2105 stlgrnata
968 2043 1069 2089 delet
1088 2045 1198 2088 Eros.

367 2116 674 2162 Enterocelarum
691 2116 805 2162 fertur
822 2114 1028 2162 Podalirius
1045 2117 1229 2160 Hermes:

432 2186 511 2248 Qui
532 2187 633 2237 sanet
652 2203 806 2254 ruptos,
821 2186 882 2236 dic
899 2186 988 2235 mihi
1001 2222 1013 2243 ,
1032 2186 1165 2242 Galle,
1184 2183 1265 2250 quis
1282 2182 1359 2230 est?
