1716 2927
293 122 478 158 §cxxiv
556 111 604 154 N
631 109 672 153 Ο
697 106 931 154 ΤῙΤΙΑ
963 105 1448 153 -LJTERARIA

464 224 613 257 matum
633 216 750 264 item,
776 217 812 256 ὃς
836 216 1103 255 communium
1126 215 1304 255 locorum
1325 216 1434 255 variis
1465 217 1500 256 δε
1525 224 1589 257 'co-

458 272 574 324 piofis
601 270 800 312 Indicibus
831 270 931 311 auc'ti
961 284 981 309 a
1011 270 1197 310 Matthaeo
1227 270 1367 308 Radere
1393 271 1462 309 ecc.
1498 283 1588 311 cum

459 328 581 377 gratia
619 328 655 366 &
688 324 889 375 privilegio
935 324 1111 364 Caesareae
1151 324 1372 373 Majestatis.
1402 323 1589 373 Ingolsta‘e

461 381 526 420 dii.
571 380 627 420 Ex
659 379 914 429 typographia
950 379 1087 419 Adami
1122 378 1290 417 Sartorii.
1332 379 1400 418 An.
1432 377 1589 417 Domini

463 434 629 476 MDCH.
667 434 726 473 Ita
762 446 847 472 eam
874 432 986 471 nobis
1028 431 1221 482 descripfit
1253 431 1468 482 perillustris
1500 432 1590 483 pos-

465 488 578 528 seffor
610 488 899 538 Heideggerus‚
921 486 1116 527 Tribunus
1147 486 1325 537 Reipubl.
1356 483 1586 527 Turicensis.

460 542 520 583 De
550 543 674 593 prima
708 538 847 581 Raderi
886 541 976 580 edit.
1013 540 1060 579 fic
1093 540 1246 591 Joseph„
1278 539 1446 591 Scaliger
1476 542 1588 591 Epist.

464 610 540 650 159
579 597 628 635 ad
657 596 712 636 Μ.
741 595 970 635 Velserum:
1000 596 1111 633 Valde
1147 596 1252 633 laudo
1285 610 1422 648 operam
1457 595 1592 633 Raderi

456 652 558 704 vestri
583 652 620 688 in
647 650 864 690 Martialem.
900 651 1021 703 Itaque
1055 664 1105 687 me
1144 652 1278 687 auHore
1310 649 1410 686 multi
1442 661 1592 688 emerunt

463 705 589 743 librum
624 704 724 742 illum
746 734 758 752 ‚
787 716 826 742 ut
868 718 928 756 ego
959 704 1108 757 pretium
1143 703 1245 740 illius
1284 701 1585 755 excandefecerim.
1654 711 1660 715 ’

458 760 605 805 Laudo,
627 759 770 811 inquam
784 788 795 805 ‚
815 758 1036 796 eruditionem
1062 757 1215 795 hominis
1239 755 1273 795 δ’
1297 759 1480 795 candorem
1504 758 1592 796 Ger-

461 814 658 860 manicum,
679 813 738 864 qui
757 813 834 862 fine
859 812 935 849 ulla
971 811 1128 863 rubigine
1162 812 1196 849 δ’
1226 811 1471 848 maledicentia
1514 823 1588 850 tam

457 869 540 906 bene
564 868 604 904 de
621 867 708 904 hono
715 867 882 918 scriptore
898 867 1038 903 meritus
1052 865 1114 917 fit.
1147 863 1291 903 Confer
1310 863 1450 902 Velseri
1470 865 1583 915 Epist.

462 935 524 960 21.
557 920 865 960 Commentarius
888 919 1028 959 Raderi
1046 949 1056 966 ‚
1083 918 1135 957 ait
1161 918 1326 966 Ernesti,
1343 918 1515 957 omnium
1537 919 1591 957 est

465 976 637 1025 optimus
653 1006 665 1023 ‚
692 972 903 1024 plenusque
932 973 1083 1024 egregia
1109 972 1303 1021 doetrina‚
1324 985 1440 1024 quem
1463 972 1592 1024 legiffe

464 1029 662 1068 neminem
694 1027 928 1078 poenituerit.

302 1085 407 1137 ³603
457 1077 577 1135 lugd.
603 1081 638 1121 8.
666 1082 722 1121 Ex
751 1081 870 1121 Catal.
899 1081 997 1120 Bibl.
1031 1081 1068 1120 S.
1097 1080 1132 1128 J,
1160 1080 1302 1120 Lovan.
1329 1092 1365 1131 p.
1400 1093 1484 1134 339.

297 1144 619 1184 -t--Aureliae
649 1144 791 1183 Allobr.
811 1143 1032 1197 (Genevae)
1058 1158 1095 1191 4.
1123 1143 1164 1181 in
1192 1140 1360 1194 Corpore
1396 1151 1499 1193 poet.
1525 1141 1590 1181 lat.

459 1212 545 1238 exc.
571 1199 671 1238 Sam.
703 1196 908 1247 Crispinus.
944 1198 1037 1248 (ed„
1065 1197 1128 1246 I.)
1204 1199 1207 1202 ’

304 1255 409 1304 1604
465 1256 580 1292 Antv.
603 1252 639 1290 8.
665 1264 713 1291 ex
738 1251 957 1290 recenfione
975 1251 1120 1291 mattha.
1138 1251 1284 1291 Raderi.
1308 1251 1367 1291 Ex
1393 1250 1472 1290 Cat.
1494 1250 1591 1291 Bibl.

465 1308 500 1346 S.
521 1307 553 1355 J.
580 1306 722 1345 Lovan.
746 1319 782 1355 p.
813 1318 898 1357 339.

304 1363 405 1414 1607
462 1360 583 1412 Pariss
615 1359 649 1398 8.
686 1359 742 1399 M.
772 1358 853 1397 Val.
886 1357 1072 1398 Martialis
1110 1357 1437 1410 Epigrammatum
1468 1358 1595 1398 Meta.

462 1413 605 1464 phrafis
631 1425 751 1464 graeca
774 1412 987 1463 a¹Josepho
1021 1413 1202 1466 Scaligero
1240 1413 1477 1464 composita,
1504 1425 1595 1452 cum

463 1468 508 1508 Is.
543 1468 741 1521 Casauboni
763 1467 907 1517 praefat.

466 1522 584 1574 Parifi
602 1537 637 1570 4.
655 1534 716 1570 ap,
735 1520 933 1560 Sennium.
960 1532 993 1560 c,
1018 1518 1173 1560 comm:
1185 1520 1291 1560 Varn
1312 1522 1348 1560 Sc
1367 1519 1501 1560 Indice
1515 1518 1592 1569 Jos.

465 1575 608 1625 Langii.
632 1576 695 1615 Sic
717 1575 757 1613 in
786 1574 866 1613 Cat.
899 1574 996 1614 Bibl.
1023 1574 1175 1615 Thuan.

466 1630 585 1681 Pariſs
606 1645 641 1677 4.
670 1628 725 1668 M.
752 1628 833 1667 Val.
858 1628 1046 1669 Martialis
1062 1629 1346 1679 Epigrammata
1370 1627 1462 1667 libb.
1492 1628 1597 1678 XV‚·

469 1684 578 1725 Laur.
612 1684 793 1734 Ramirefii
830 1684 871 1720 de
910 1685 1025 1722 Prado
1059 1683 1345 1721 commentariis
1384 1681 1592 1721 illustrati:

464 1750 563 1779 ‚cum
596 1736 670 1785 Jos.
709 1737 839 1789 Langii
876 1736 1007 1776 Indice
1041 1737 1217 1776 omnium
1251 1736 1470 1776 verborum.
1505 1736 1595 1776 vid.

468 1792 550 1832 Cat.
575 1790 672 1831 Bibl.
691 1790 886 1841 Ludewig.
910 1804 946 1830 n.
973 1791 1112 1842 12637.

308 1846 410 1887 1608
466 1850 585 1886 Romae
614 1844 650 1884 8.
678 1858 725 1884 ex
746 1844 962 1884 recensione
985 1845 1144 1886 Andreae
1168 1845 1279 1896 Frufii
1304 1843 1416 1885 Galli.

311 1902 405 1941 1611
466 1900 599 1946 Raderi
621 1898 672 1939 Π.
696 1898 848 1950 Ingolst.
874 1898 943 1938 fol.
1310 1905 1314 1907 “

461 1956 646 2002 ‘Genevae,
666 1968 702 2002 4.
730 1954 771 1992 in
800 1966 904 2004 corp.
934 1961 1037 2005 poet.
1065 1954 1189 1994 Latin,
1216 1952 1276 1992 ed.
1301 1952 1349 1992 11.

313 2010 412 2048 1612
473 2009 617 2047 Goslar.
646 2022 704 2046 12.

313 2063 411 2114 1613
473 2062 592 2102 Colon.
619 2061 655 2101 8.

313 2116 411 2171 1615
470 2117 638 2154 Farnabii
668 2115 706 2163 I,
725 2116 846 2156 Lond„
873 2115 908 2155 8.
935 2128 967 2154 e.
994 2129 1030 2153 n.
1051 2114 1194 2154 Thom.
1212 2113 1411 2161 Famaln'i,
1440 2113 1503 2163 qui
1529 2115 1594 2154 ali-

473 2178 568 2220 quot
594 2168 679 2210 Mff.
707 2170 794 2210 usus
825 2170 877 2208 est
904 2170 952 2209 ad
984 2177 1132 2207 textum
1167 2167 1440 2218 corrigendum
1476 2170 1512 2207 δε
1536 2169 1594 2208 su-

473 2225 670 2276 periorum
689 2226 928 2275 optimorum
951 2224 1064 2262 notis.

316 2277 417 2332 1617
473 2275 586 2320 Later.
611 2280 729 2333 Parifi
756 2278 823 2318 fol.
851 2278 910 2318 M.
934 2277 1015 2316 Val.
1044 2276 1233 2317 Martialis
1265 2276 1594 2327 Epigrammatum

474 2332 559 2373 libri
582 2334 681 2383 XV,
707 2345 796 2373 cum
819 2333 1010 2383 variorum
1037 2332 1241 2372 doctorum
1277 2330 1558 2371 commentariis
1581 2359 1593 2376 ‚
