1716 2927
265 137 939 188 EPIGRAMMATUM
977 141 1109 189 ΕΖΒ.
1144 140 1182 188 Ι.

464 330 662 376 XXXV.
702 333 784 375 Ad
804 332 1007 379 Lesbiam.

110 437 443 526 Incus‘romrrs
459 513 471 531 ‚
491 476 531 524 &
547 476 684 541 apertis
699 512 712 531 ‚
730 477 858 524 Lesbia
872 513 884 531 ‚
902 477 1045 545 semper

169 551 369 597 Liminibus
386 569 539 614 peccas,
564 568 633 596 nec
655 566 714 596 tua
733 550 825 597 furta
844 551 964 614 tegis:

108 626 154 670 Et
170 623 252 687 plus
271 622 452 686 speci-ator
467 656 479 675 ‚
501 639 608 684 quam
626 637 663 668 te
681 622 840 669 deleElat
856 623 1023 678 adulter3

171 699 252 742 Nec
270 695 353 742 sunt
373 712 474 760 grata
491 695 557 742 tibi
575 694 704 762 gaudia
718 732 731 749 ‚
747 695 772 741 fi
794 714 863 760 qua
883 698 1010 743 latent.

106 769 158 815 'At
172 767 346 814 meretrix
366 767 482 832 abigit
500 767 624 813 testem
640 767 804 832 veloque
823 767 997 831 seraque:

171 846 337 906 Raraque
356 840 559 889 Summoeni
579 841 725 888 fornice
744 842 834 888 rima
854 858 968 906 patet.

109 916 143 962 Α
162 913 313 960 Chione
334 914 458 960 saltem
473 949 486 967 ‚
505 913 566 959 vel
583 913 628 959 ab
648 913 783 960 Helide
803 913 902 960 disce
920 913 1123 979 pudorem:

174 986 422 1033 Abscondunt
442 987 587 1051 spurcas
605 987 684 1033 haec
702 1004 944 1034 monumenta
964 989 1078 1053 lupas.
1127 1019 1136 1026 ·

110 1059 302 1122 Numquid
320 1060 407 1106 dura
426 1060 490 1106 tibi
512 1059 661 1106 nimium
679 1062 827 1107 censura
845 1061 1015 1107 videtur?

175 1133 367 1198 Deprendi
388 1150 479 1181 veto
498 1150 557 1189 te,
576 1134 704 1181 Lesbia
718 1169 730 1189 ‚
751 1152 829 1180 non
848 1134 954 1182 futui.

430 1320 654 1366 XXXVI.
692 1322 741 1365 A
744 1321 783 1364 d
805 1321 1050 1367 Cornelium,

118 1429 334 1516 VERSUS
352 1464 511 1511 scribere
528 1483 587 1511 me
605 1483 730 1528 parum
753 1466 901 1514 severos
914 1503 925 1521 ,

115 1541 198 1585 Nec
216 1556 310 1601 quos
330 1537 510 1601 praelegat
526 1537 563 1582 in
584 1537 710 1583 schola
727 1538 896 1603 magister
910 1575 922 1594 ‚

119 1613 279 1661 Corneli
293 1650 304 1668 ‚
325 1612 510 1677 quereris:
532 1612 593 1658 sed
611 1611 647 1657 hi
667 1612 813 1667 libelli,

117 1691 310 1751 Tanquam
334 1686 559 1750 conjugibus
581 1686 649 1733 suis
670 1687 810 1742 mariti,

118 1765 208 1809 Non
227 1760 373 1824 poffunt
391 1759 467 1806 fine
484 1761 646 1807 mentula
666 1761 828 1825 placere.

121 1835 226 1896 Quid
243 1835 269 1880 fi
289 1852 346 1880 me
364 1834 487 1895 jubeas
506 1833 775 1881 Thalaffionem

119 1906 254 1953 Verbis
273 1906 398 1952 dicere
416 1923 494 1951 non
512 1905 782 1952 Thalaffionis?

123 1980 219 2040 Quis
239 1978 397 2023 Floralia
413 1977 542 2030 vestit,
563 1977 603 2024 δι
621 1977 790 2024 stolatum

123 2049 306 2098 Permittit
321 2049 571 2096 meretricibus
592 2050 802 2114 pudorem?

125 2127 203 2170 Lex
220 2123 298 2170 haec
316 2122 533 2169 carminibus
553 2123 636 2170 data
654 2124 704 2170 est
720 2122 884 2186 jocofis;

126 2198 187 2242 Ne
207 2195 342 2260 poffint
355 2230 367 2249 ‚
388 2194 451 2241 nifi
471 2195 662 2259 pruriant,
679 2195 816 2258 juvare.

127 2271 255 2329 Quare
277 2267 441 2331 deposita
459 2268 648 2315 severitate
660 2302 673 2321 ‚

129 2341 258 2384 Parcas
275 2337 410 2384 lusibus
425 2374 439 2394 ‚
456 2337 606 2400 &jocis
622 2373 634 2392 ‚
652 2356 846 2402 rogamus:

1322 150 1384 205 29

1352 2146 1409 2177 10
