1716 2927
266 149 927 217 EPIGRAMMATUM
957 151 1006 195 L.
1046 153 1098 195 V,
1260 163 1350 207 203

68 259 172 321 (Sed
191 257 369 322 numquid
386 258 504 305 sumus
524 255 683 322 improbi
698 254 747 321 ἒ)
765 255 935 303 Secundo
947 290 959 309 ‚

65 333 154 380 Plus
170 332 287 378 multo
305 331 370 378 tibi
387 331 575 378 debiturus
594 330 654 377 hic
674 329 724 377 est
738 365 752 384 ‚

67 410 192 469 Quam
212 407 323 454 debet
338 406 497 454 domino
519 407 584 454 suo
601 405 764 456 libellus.

68 483 165 527 Nam
185 481 330 527 securus
355 479 448 533 erit,
472 498 540 526 nec
558 478 720 542 inquieta

66 551 154 598 Laffi
175 570 353 598 marmora
370 551 516 616 Sisyphi
535 549 701 604 videbit3

67 627 194 686 Quem
215 623 381 671 censoria
399 642 481 670 cum
501 640 588 669 meo
608 625 751 668 Severo

62 695 179 745 Doffi
197 695 284 744 lima
301 693 548 744 momorderit
566 693 741 742 Secundi.

366 868 580 917 LXXXI.
615 872 696 916 Ad
717 870 1022 916 AEmiliatzum.

68 980 268 1069 Smpm
285 1018 354 1065 eris
376 1037 540 1083 pauper,
558 1018 582 1063 fi
601 1035 740 1081 pauper
757 1033 795 1063 es
808 1051 822 1070 ‚
840 1014 1053 1063 AEmiliaue.

130 1095 276 1141 Dantur
296 1110 388 1157 opes
409 1091 501 1139 nulli
522 1110 619 1139 nunc
635 1127 648 1147 ‚
667 1090 733 1138 nifi
750 1090 944 1138 divitibus.

413 1283 652 1331 LXXXII.
684 1286 739 1329 In
758 1280 967 1329 Gaurum.

69 1400 241 1508 Qum
260 1434 501 1501 promittebas
517 1435 605 1482 mihi
621 1434 736 1481 millia
750 1436 908 1500 „Gaure
923 1468 935 1488 ‚
952 1432 1135 1479 ducenta=

135 1509 173 1556 Si
191 1510 278 1556 dare
296 1527 373 1556 non
393 1523 543 1573 poteras
563 1507 679 1553 millia
693 1542 707 1561 ‚
725 1509 875 1577 unre,
894 1507 1054 1552 decem?

67 1581 129 1629 'An
152 1597 262 1646 potes
276 1619 290 1638 ‚
309 1582 350 1630 &
370 1600 449 1630 non
469 1580 551 1628 vis?
572 1598 671 1645 rogo
687 1617 699 1635 ,
719 1598 797 1626 non
817 1579 866 1625 est
884 1579 1023 1643 turpius
1043 1575 1162 1623 istud?

133 1659 177 1712 1,
193 1654 260 1702 tibi
275 1654 462 1719 disperdas
475 1689 488 1710 ‚
508 1657 657 1702 Gau're:
677 1653 828 1719 pufillus
847 1652 964 1700 homo
985 1669 1038 1698 es·

364 1843 611 1890 LXXXIII.
644 1848 724 1890 Ad
744 1846 1036 1905 Dindymum.

72 1963 357 2057 Inszoums
372 2038 384 2057 ‚
401 2001 534 2066 fugio;
551 2001 647 2065 fugis
661 2034 674 2055 ‚
693 1999 896 2064 insequor3
915 2000 994 2046 haec
1009 1998 1098 2048 mihi
1117 2016 1220 2048 mens
1237 1999 1310 2048 est:

140 2076 252 2126 Velle
270 2091 373 2124 tuum
390 2075 484 2124 nolo
499 2109 514 2131 ‚
533 2074 722 2138 Dindyme
736 2107 749 2129 ‚
770 2072 876 2121 nolle
896 2072 1002 2120 volo,

1306 494 1356 524 10
