1716 2927
283 145 951 191 EPIGRAMMATUM
981 148 1027 191 L.
1059 149 1123 195 X.

396 321 693 377 Lxxxvm.
741 323 817 369 Ad
843 309 1016 366 cottam.

89 435 296 525 OMNES
315 475 545 539 persequeris
565 490 763 539 praetorum
776 510 788 528 ‚
809 475 924 520 Cotta
938 507 950 527 ‚
968 471 1157 526 locelloffi,

148 545 297 610 Accipis
318 545 356 592 ἃ
375 565 498 593 ceras:
521 545 711 593 officiosus
731 544 847 591 homo
866 561 918 590 ες.

333 725 594 774 LXXXIX.
628 726 702 771 De
713 727 858 792 statua
874 724 1072 770 sunonis.

82 849 221 937 JUNO
239 887 346 934 labor
359 925 372 943 ‚
386 889 582 952 Polyclete
594 923 606 941 ‚
624 903 706 934 tuus
721 923 733 941 ‚
753 886 792 934 &
811 886 930 951 gloria
948 885 1039 933 felix
1051 919 1065 940 ‚

143 959 322 1007 Phidiacae
339 977 514 1024 cuperent
533 979 640 1024 quam
657 959 825 1007 meruisse
848 978 997 1013 manus,

75 1035 158 1079 Ore
175 1033 268 1080 nitet
285 1050 385 1080 tanto
402 1070 414 1086 ‚
437 1050 577 1098 quanto
595 1034 791 1098 superaffet
808 1033 847 1079 in
864 1035 926 1079 Ida

140 1107 264 1153 §adice
283 1107 468 1154 conviRas
486 1126 561 1154 non
583 1107 773 1153 dubitante
790 1110 900 1153 Deas.

75 1182 257 1226 {monem
274 1217 286 1235 ‚
307 1181 501 1243 Polyclete
513 1216 526 1234 ‚
546 1180 641 1228 suam
660 1180 725 1227 nifi
744 1181 854 1228 frater
870 1194 1033 1238 amaret,

140 1257 321 1301 lunonem
336 1269 484 1318 poterat
500 1255 611 1301 frater
628 1273 749 1302 amare
767 1270 878 1302 tuam.

492 1452 596 1499 XC.
632 1453 686 1499 In
707 1454 926 1516 Ligellam.

73 1568 247 1675 Qum
267 1603 370 1652 vellis
388 1604 551 1650 vetulum
566 1640 578 1658 ‚
599 1604 740 1668 Ligella
753 1639 767 1658 ‚
786 1608 972 1650 cunnum?

71 1679 178 1739 Quid
197 1676 287 1723 busti
307 1676 447 1723 cineres
467 1676 520 1722 tui
540 1677 702 1723 laceffis?

69 1750 181 1796 Tales
202 1746 388 1794 munditiae
404 1749 536 1794 decent
555 1749 712 1812 puellas·

71 1825 167 1869 Nam
185 1838 222 1868 tu
241 1823 312 1881 jam
334 1839 402 1866 nec
423 1840 510 1867 anus
529 1837 638 1884 potes
657 1819 789 1866 videri.

70 1897 168 1941 Istud
181 1932 194 1950 ‚
214 1894 324 1940 crede
342 1893 429 1939 mihi
445 1929 458 1947 ,
477 1894 618 1957 Ligella
634 1929 646 1947 ‚
667 1894 767 1939 belle

71 1970 164 2015 Non
181 1983 294 2013 mater
310 1965 397 2011 facit
418 1965 610 2017 Ηεᾶοτὶς,
630 1966 692 2011 sed
711 1982 821 2011 uxor.

70 2045 177 2088 Erras
189 2077 202 2094 ‚
218 2040 244 2086 s1
262 2038 327 2086 tibi
344 2057 482 2085 cunnus
498 2039 558 2085 hic
576 2038 721 2085 videtur
733 2073 746 2091 ‚

72 2114 132 2159 Ad
152 2131 262 2176 quem
279 2113 439 2161 mentula
455 2112 642 2176 pertinere
660 2110 763 2157 defit.

71 2191 198 2249 Quare
215 2187 241 2234 fi
263 2189 386 2253 pudor
403 2187 453 2234 est
468 2222 481 2241 ,
498 2186 637 2250 Ligella
652 2220 665 2238 ‚
686 2185 765 2232 noli

70 2263 222 2310 Barbam
240 2264 382 2312 vellere
398 2278 548 2310 mortuo
569 2258 688 2307 leoni.

1264 151 1359 207 123·

1295 2266 1352 2295 10
