1716 2927
267 123 932 170 EPIGRAMMATUM
960 127 1008 171 L.
1038 127 1130 174 XI.
1259 141 1341 190 153

74 234 174 292 Quae
190 249 256 278 nec
275 231 386 278 Stella
408 230 503 278 solet
520 249 594 278 rara
615 231 678 277 nifi
702 251 846 296 ponere
866 251 985 279 coena.
1291 254 1308 280 ι
1323 251 1349 296 5

139 305 224 350 Plus
241 323 316 369 ego
338 304 546 368 polliceor:
566 303 616 349 nil
636 304 798 352 recitabo
816 304 896 351 tibi.

77 375 159 440 lpse
177 393 261 424 tuos
280 376 385 424 nobis
407 378 546 442 relegas
564 377 652 424 licet
672 380 784 441 usque
806 379 1005 442 Gigantas,
1022 396 1028 401 ·

141 452 236 495 Rura
255 449 316 496 vel
335 465 476 498 aeterno
496 450 665 515 proxima
680 450 853 515 Virgilio.

390 625 494 669 LIII.
527 624 602 670 De
631 624 812 670 Claudia
834 623 1008 682 Rufina.

80 736 331 824 CLAUDIA
350 774 513 821 caeruleis
531 793 611 820 cum
631 773 672 820 fit
691 774 822 820 Rufina
842 773 1020 819 Britannis

147 849 252 894 Edita
265 885 277 903 ‚
293 866 400 911 quam
418 848 528 894 Latiae
545 848 697 912 pe&ora
715 847 832 911 plebis
848 847 978 893 habet!

82 921 206 981 Quale
224 921 335 965 decus
355 921 511 965 formae!
536 924 736 966 Romanam
755 921 906 965 credere
930 935 1061 966 matres

147 994 292 1040 Italides
310 995 458 1058 poffunt
471 1029 483 1047 ,
502 993 671 1040 Atthides
689 993 760 1040 effe
782 993 892 1040 suam.

83 1068 133 1112 Di
152 1067 263 1117 bene,
282 1068 385 1129 quod
406 1067 525 1113 sangro
548 1066 693 1130 peperit
711 1067 884 1113 foecunda
897 1066 1028 1113 marito
1042 1102 1055 1119 ‚
1336 1079 1357 1124 ς

132 1179 134 1185 .
149 1139 269 1198 Quod
287 1139 402 1201 sperat
418 1157 574 1203 generos
590 1174 601 1191 ,
622 1140 800 1202 quodque
816 1141 938 1203 puella
955 1140 1082 1187 nurus.'

86 1211 146 1258 Sic
163 1213 302 1273 placeat
324 1212 460 1276 superis
476 1248 488 1265 ‚
508 1228 548 1258 ut
570 1213 733 1277 conjuge
756 1214 911 1276 gaudeat
931 1231 1034 1268 uno,

153 1290 198 1333 Et
216 1287 357 1349 semper
376 1286 465 1332 natis
487 1287 639 1350 gaudeat
656 1286 718 1332 illa
735 1287 860 1332 tribus.

522 1473 638 1518 LIV.
676 1475 725 1518 In
748 1475 932 1539 Zoilum.

92 1583 389 1672 UNGUENTA
403 1655 415 1672 ,
435 1619 474 1666 δε
494 1619 601 1666 ςέᾗες
617 1655 628 1673 ‚
648 1620 687 1667 δι
706 1621 869 1666 olentem
888 1619 1012 1665 funera
1029 1617 1238 1683 myrrham}

156 1698 329 1757 Turaque
348 1695 393 1740 de
410 1693 535 1740 medio
554 1689 801 1740 semicremata
820 1710 917 1757 rogo
934 1728 947 1746 ‚

93 1769 139 1812 Et
157 1785 238 1829 quae
257 1768 303 1811 de
324 1765 456 1828 Stygio
475 1766 620 1828 rapuisti
641 1766 801 1811 cinnama
820 1766 917 1811 leElo
931 1801 945 1823 ,

159 1837 331 1900 Improbe
347 1837 392 1881 de
410 1837 533 1900 turpi,
550 1836 660 1882 Zo'i'le
675 1873 686 1890 ,
705 1836 818 1881 redde
836 1834 925 1881 finu.

95 1911 129 1957 Α
147 1909 300 1974 pedibus
318 1908 479 1954 didicere
496 1927 621 1954 manus
640 1926 792 1971 peccare
808 1924 1004 1970 protervae.
1342 1922 1361 1967 ς

162 1984 253 2029 Non
271 1980 384 2029 miror
406 1981 546 2037 furem,
566 1981 628 2046 qui
645 1980 816 2046 fugitivus
837 1995 923 2028 erat,
