1716 2927
305 161 978 214 EPIGRAMMATUM
1006 168 1055 211 L.
1091 160 1154 213 “Vi
1300 158 1387 226 187

110 285 249 331 Notam
264 316 276 335 .,
298 281 489 347 superbam
503 316 515 336 ‚
535 280 700 328 nobilem
714 317 727 334 ‚
748 279 994 344 locupletem.

113 357 217 416 Quid
239 357 311 404 effe
331 357 456 404 nostro
473 357 603 406 fortius
623 355 744 423 potest
762 359 895 402 Paeto?
988 365 991 367 ’

111 430 313 478 Ducenties
332 430 503 499 accepit,
523 430 562 478 δι
582 445 703 478 tamen
722 428 829 479 vivit.

406 647 663 695 XXXVIII.
696 648 751 693 In
771 648 1068 694 Calliodorum.

114 779 472 867 CALmonorws
490 818 600 864 habet
619 817 768 864 censum
788 816 898 881 (quis
919 814 1035 862 nescit
1048 818 1093 874 ?)
1111 813 1333 879 equestrem,

176 894 311 938 Sexte:
332 891 392 937 sed
412 890 450 936 8(
469 892 617 938 fratrem
637 891 881 938 Calliodorus
899 889 1020 936 habet.

110 966 392 1030 Quadringenta
409 965 533 1022 secat,
553 965 617 1029 qui
636 965 727 1012 dicit
751 973 854 1017 σῦκα
879 974 1031 1025 μέριζες

175 1043 265 1087 Uno
284 1039 403 1086 credis
422 1058 522 1103 equo
541 1039 647 1104 poffe
667 1039 795 1085 sedere
813 1038 936 1084 duos?

107 1108 213 1174 Quid
230 1131 313 1159 cum
331 1114 441 1159 fratre
461 1112 529 1159 tibi
546 1148 558 1166 ‚
577 1113 666 1175 quid
684 1129 767 1158 cum
787 1110 943 1157 Polluce
961 1109 1151 1157 molesto?
1371 1125 1391 1167 5

173 1188 263 1232 Non
282 1186 372 1232 effet
393 1186 527 1233 Pollux
547 1185 572 1231 fi
593 1184 686 1238 tibi,
709 1184 841 1231 Castor
859 1201 953 1232 eras.

105 1261 213 1304 Unus
233 1277 314 1304 cum
334 1258 431 1313 fitis;
450 1260 526 1306 duo
540 1295 554 1313 ‚
575 1258 797 1305 Calliodore
810 1295 822 1314 ‚
840 1256 989 1305 sedetis.

175 1334 315 1393 Surge:
337 1331 587 1375 soloecismum
602 1365 614 1382 ,
634 1331 884 1384 Caffiodore,
906 1330 1008 1375 facis.

106 1410 183 1453 Aut
201 1404 344 1450 imitare
361 1422 477 1468 genus
498 1404 632 1457 Ledae3
654 1419 714 1449 aut
731 1421 813 1448 cum
832 1403 942 1448 fratre
960 1401 1088 1448 sedete

174 1481 264 1526 Non
283 1496 404 1542 potes,
435 1477 612 1531 alternis,
630 1475 878 1530 Calliodore‚
899 1475 999 1521 sede.
1340 1490 1394 1521 10

464 1691 691 1739 XXXIX.
725 1692 778 1738 In
803 1691 1013 1738 Carinum.

113 1826 370 1912 Summus
390 1857 456 1906 tibi
477 1858 598 1905 tricies
615 1857 651 1903 in
666 1875 762 1903 anno

47 1974 54 1977 a
109 1937 275 2001 Signanti
293 1936 432 1982 tabulas
447 1969 458 1988 ‚
478 1933 639 1987 Carine,
659 1931 737 1978 mifi

110 2011 278 2077 Hyblaeis
297 2009 458 2057 madidas
476 2008 610 2072 thymis
629 2007 833 2071 placentas.

110 2084 266 2132 Defecit
285 2083 458 2137 miserere
474 2083 546 2146 jam
561 2119 573 2137 ‚
594 2080 743 2128 Carine.

112 2161 224 2224 Signa
241 2159 353 2205 rarius
368 2193 380 2212 ‚
398 2173 457 2204 aut
474 2157 586 2203 semel
609 2157 664 2202 fac
685 2155 777 2200 illud
790 2190 803 2208 ,
1366 2160 1388 2204 5

112 2232 297 2280 Mentitur
314 2247 372 2278 tua
393 2230 497 2295 quod
513 2229 665 2276 subinde
681 2227 789 2274 tuffis.

84 2322 89 2326 ’
109 2305 252 2354 Excuffi
272 2303 518 2367 loculosque,
539 2301 810 2365 saeculumque.

113 2377 250 2426 Croeso
270 2376 420 2428 divitior
440 2376 529 2424 licet
546 2375 688 2422 fuissem
704 2409 717 2428 ‚
