1716 2927
265 161 939 214 'EPIGRAMMATUM
967 165 1118 212 L.·X.

428 349 586 395 XCIII.
619 351 699 394 Ad
720 350 970 394 Clementem.

83 459 157 548 Si
176 497 279 562 prior
298 500 489 563 Euganeas
507 534 520 552 ‚
541 498 716 544 Clemens
732 533 744 551 ‚
761 496 974 544 Helicaonis
995 510 1103 555 orasg

150 570 320 633 PiEiaque
340 570 541 635 pampineis
560 570 692 617 videris
709 588 790 617 arva
805 569 926 633 jugi33

88 640 212 688 Perfer
235 641 405 707 Atestjnae
425 643 587 688 nondum
605 642 751 706 vulgata
768 643 908 688 Sabinae

154 714 323 760 Carmina
337 749 349 766 .,
367 732 547 777 purpurea
565 714 626 760 sed
643 715 759 761 modo
780 714 856 761 suta
873 730 975 777 toga.

88 789 141 833 Ut
161 787 239 832 rosa
256 786 415 832 deleuat
427 820 439 839 ‚
459 787 604 832 metitur
622 805 703 850 quae
719 787 858 850 pollice
878 788 1021 850 primo:

154 858 214 906 Sic
230 878 348 915 nova,
366 878 434 907 nec
451 876 578 907 mento
598 858 744 907 sordida
764 860 885 907 charta
901 860 1012 923 juvat.

358 1043 524 1090 XCIV.
562 1044 853 1105 Munuftulum
868 1063 1101 1105 pomorum.

32 1217 36 1220 -
100 1156 246 1244 NON
263 1211 344 1240 mea
360 1192 538 1256 Mafl'ylus
556 1193 671 1239 servat
689 1192 854 1256 pomaria
870 1193 1018 1257 serpens
1029 1227 1042 1247 ‚

169 1264 304 1329 Regius
324 1263 473 1310 Alcinoi
491 1281 560 1310 nec
577 1263 666 1310 mihi
685 1265 791 1310 servit
807 1282 917 1328 ager:

101 1338 174 1385 Sed
190 1340 423 1383 Nomentana
442 1335 587 1381 securus
603 1335 783 1396 germinat
804 1336 932 1381 hortus

168 1409 315 1455 Arbore
330 1443 343 1463 ‚
361 1422 428 1453 nec
444 1407 560 1452 furem
581 1406 751 1470 plumbea
769 1405 862 1452 mala
880 1406 1022 1454 timent.

104 1485 195 1529 Haec
214 1480 326 1544 igitur
338 1515 350 1534 ,
368 1478 486 1525 media
504 1497 586 1541 quae
604 1477 684 1524 sunt
700 1477 787 1524 mihi
807 1493 888 1525 nata
906 1479 1085 1535 Saburra,

168 1551 350 1599 Mittimus
368 1550 527 1615 autumni
547 1567 650 1596 cerea
669 1567 779 1614 poma
798 1549 884 1597 mei.

498 1731 647 1780 XCV.
683 1734 731 1778 A
733 1735 765 1780 d
782 1733 967 1782 Gallam.

118 1846 367 1935 INFANTEM
382 1882 446 1929 tibi
464 1883 517 1928 vir
532 1918 544 1936 5
561 1881 626 1929 tibi
642 1919 655 1938 ‚
673 1882 780 1928 Galla
795 1918 808 1936 ,
823 1883 956 1929 remisit
975 1884 1129 1932 aduiten

181 1955 228 2002 Hi
245 1990 256 2009 ,
277 1971 368 2018 puto
382 1990 395 2010 ‚
416 1973 491 2001 non
509 1954 619 2001 dubie
639 1955 676 2001 se
694 1955 836 2002 futuiffe
854 1973 997 2019 negant,

1259 175 1344 228 125
