1716 2927
248 151 930 206 EPIGRAMMATUM
967 158 1014 202 L.
1048 159 1136 204 III.

404 332 567 380 XLIX.
608 334 663 379 In
694 334 972 381 invitatorem.

61 446 368 535 Vnum-AN».
385 485 475 532 mihi
497 486 627 533 misces
642 522 653 540 ‚
674 502 713 534 tu
734 487 882 534 Maffica
901 502 1034 550 potas=

124 557 300 605 Olfacere
322 558 400 605 haec
417 557 516 605 malo
538 558 676 622 pocula
691 593 704 613 ‚
723 558 995 622 quambibere.

487 736 539 783 L.
573 738 629 785 In
658 739 921 800 Ligurinum.

67 848 238 953 HAEc
254 885 321 934 tibi
333 922 345 942 ‚
363 906 441 935 non
459 887 530 935 alia
546 924 558 943 ‚
575 890 627 936 est
642 890 687 936 ad
711 909 857 939 coenam
874 894 976 942 causa
995 895 1186 952 vocandi,

130 960 342 1006 Versiculos
364 960 496 1008 recites
516 980 554 1008 ut
567 998 578 1017 ‚
597 962 770 1027 Ligurine
783 1000 795 1017 ,
813 980 910 1012 tuos.

65 1033 234 1098 Deposui
254 1033 394 1089 soleas;
416 1035 568 1082 affertur
590 1036 760 1100 protinus
781 1037 915 1102 ingens

132 1111 232 1153 Inter
251 1107 407 1155 laElucas
424 1146 436 1164 ‚
458 1127 742 1174 oxygarumque
761 1110 868 1158 liber,

68 1180 173 1227 Alter
192 1181 397 1245 perlegitur
410 1217 421 1237 ‚
442 1183 529 1229 dum
548 1184 686 1229 fercula
703 1182 819 1247 prima
835 1198 1051 1231 morantur:

132 1252 279 1299 Tertius
299 1255 348 1300 est
361 1289 373 1307 ‚
390 1273 458 1302 nec
477 1254 596 1301 adhuc
613 1256 738 1303 mensa
758 1257 915 1303 secunda
933 1256 1048 1303 venit.

68 1327 116 1372 Et
131 1341 299 1388 quartum
316 1326 445 1371 recitas
458 1361 471 1380 ‚
491 1327 531 1373 δι
553 1327 721 1389 quintum
740 1328 900 1391 denique
917 1328 1063 1377 librum.

134 1397 283 1444 Putidus
301 1399 349 1444 est
362 1433 374 1451 ‚
391 1399 504 1445 toties
521 1399 546 1444 fi
565 1399 652 1445 mihi
670 1400 779 1463 ponis
800 1418 939 1464 aprum.

71 1471 191 1532 Quod
208 1469 232 1515 fi
254 1488 330 1515 non
350 1470 527 1517 scombris
551 1471 723 1517 scelerata
744 1490 916 1535 poemata
931 1473 1069 1521 donas:

134 1543 313 1592 Coenabis
331 1542 432 1590 solus
445 1544 519 1608 jam
533 1579 545 1599 ‚
565 1543 739 1608 Ligurine
751 1579 763 1600 ‚
783 1544 901 1593 domi.

506 1729 574 1777 LI.
608 1732 689 1777 Ad
707 1731 894 1779 Gallam.
939 1748 941 1751 ’

78 1851 228 1940 CUM
243 1888 373 1935 faciem
391 1888 504 1935 laudo
518 1923 531 1941 ‚
548 1905 631 1934 cum
649 1888 764 1935 miror
781 1905 883 1934 crura
898 1887 1124 1951 manusque3

142 1963 280 2009 Dicere
293 1999 306 2017 ‚
324 1962 430 2009 Galla
443 1997 454 2015 ‚
470 1961 591 2009 soles:
611 1961 718 2008 Nuda
738 1962 895 2025 placebo
913 1960 1041 2026 magis.

78 2041 125 2085 Et
145 2035 290 2100 semper
305 2035 394 2082 vitas
413 2035 620 2082 communia
637 2035 768 2082 balnea
787 2034 908 2082 nobis.

143 2106 334 2174 Numquid
346 2143 360 2163 ‚
378 2108 485 2156 Galla
499 2141 512 2166 ‚
527 2107 632 2157 times
647 2143 660 2162 ,
678 2126 726 2156 ne
744 2106 812 2156 tibi
829 2123 906 2156 non
920 2106 1115 2173 placeam?

190 2444 423 2493 Martialis.
1027 2432 1062 2477 Η

1258 171 1340 219 ¹13

1296 1562 1353 1593 10
