1716 2927
270 119 757 170 'EPIGRAMMA
776 118 947 162 TUM
978 117 1113 165 LIB.
1173 152 1186 164 .

458 311 602 360 LXX.
635 313 716 357 Ad
740 311 1002 357 Maximum.

106 427 296 516 COEPIT
309 502 323 522 ‚
338 466 506 514 Maxime
521 502 533 520 ‚
551 471 646 514 Pana
665 485 749 530 quae
770 465 940 521 solebat,

169 542 280 586 Nunc
301 539 496 587 ostendere
514 539 672 585 Canium
685 574 698 593 ‚
713 541 914 586 Terentos.

502 729 665 776 LXXI.
701 732 783 775 Ad
805 731 973 775 librum.

108 847 283 934 VADE
300 881 510 937 salutatum3
530 900 600 947 pro
620 899 680 928 me
695 881 791 928 liber
809 881 863 928 ire
880 879 1017 943 juberis

175 955 234 1001 Ad
255 953 402 1000 Proculi
424 953 563 1000 nitidos
585 952 755 1000 officiose
776 954 880 999 lares.

106 1027 256 1092 Quaeris
275 1027 372 1075 iter?
392 1027 531 1075 dicam:
552 1027 716 1074 vicinum
737 1028 887 1074 Castora
906 1044 1006 1072 canae

173 1100 358 1147 Transibis
379 1101 499 1148 Vestae
513 1138 526 1157 ‚
543 1099 824 1165 virgineamque
842 1100 1008 1147 domum.

107 1172 200 1218 Inde
221 1173 322 1219 sacro
340 1173 549 1219 veneranda
567 1187 671 1235 petes
688 1171 838 1218 Pallatia
857 1170 984 1224 clivo,

174 1243 332 1290 Plurima
353 1262 424 1306 qua
444 1243 572 1289 summi
592 1242 711 1306 fulget
726 1243 849 1307 imago
870 1242 988 1289 ducis.

113 1320 196 1364 Nec
212 1332 249 1364 te
269 1317 428 1363 detineat
445 1315 526 1362 miri
544 1317 680 1362 radiata
698 1316 840 1362 Coloffi
853 1350 865 1367 ‚

179 1393 277 1450 Quae
297 1390 483 1436 Rhodium
501 1390 621 1435 moles
638 1388 787 1435 vincere
808 1389 942 1452 gaudet
963 1406 1073 1451 opuS.

113 1461 238 1507 meere
257 1459 332 1507 vias
352 1460 419 1506 hac
433 1495 445 1514 .,
463 1478 532 1522 qua
550 1459 686 1505 madidi
705 1460 789 1505 sunt
806 1461 898 1505 reela
919 1461 1017 1522 Lyaei
1032 1495 1046 1514 ‚

182 1538 227 1581 Et
244 1534 409 1597 Cybeles
431 1533 532 1596 pirro
551 1533 614 1578 stat
636 1533 856 1596 Corybante
876 1533 1012 1579 tholus.

103 1607 286 1656 'Protinus
306 1627 326 1653 a
346 1608 437 1653 laeva
455 1607 541 1652 clari
558 1606 621 1652 sub
642 1607 768 1653 fronte
789 1611 943 1653 Penates
957 1642 971 1660 ‚

182 1680 360 1743 Atriaque
377 1678 522 1725 excelsa
541 1679 622 1724 sunt
639 1678 805 1725 adeunda
827 1678 973 1724 domus.

117 1759 223 1803 Hanc
242 1771 327 1819 pete
343 1792 355 1810 ‚
374 1773 420 1800 ne
439 1769 578 1800 metuas
594 1752 723 1807 fastus,
745 1752 933 1818 limenque
953 1751 1173 1817 superbum:

186 1828 298 1874 Nulla
316 1827 430 1891 magis
449 1842 533 1873 toro
556 1826 661 1887 janua
681 1826 785 1889 poste
805 1840 932 1889 patet;

120 1904 204 1948 Nec
224 1900 382 1964 propior
400 1917 505 1963 quam
527 1898 686 1945 Phoebus
706 1913 827 1953 amat,
847 1899 1043 1962 dofraeque
1061 1897 1221 1946 sorores-

187 1973 223 2018 Si
242 1973 364 2026 dicet,
384 1975 510 2033 Quare
533 1986 749 2018 nontamen
769 1971 846 2035 ipse
864 1970 989 2018 venit
982 1978 996 2005 ²

123 2045 183 2093 sic
201 2046 291 2093 licet
306 2046 480 2101 excuses,
496 2045 594 2107 Quia
614 2044 882 2109 qualiacunque
903 2046 1075 2110 leguntur

187 2120 281 2175 Ista
295 2121 469 2168 salutator
488 2118 648 2168 scribere
669 2137 748 2167 non
768 2118 904 2184 potuit.

1315 128 1374 176 43

1346 1547 1401 1577 10
