1716 2927
261 164 949 214 EPIGRAMMATUM
982 167 1030 212 L.
1064 167 1151 214 III.

64 280 112 325 Et
131 290 228 324 turre
246 275 290 323 ab
309 275 377 323 alta
395 274 576 339 prospicis
597 292 713 322 meras
730 273 850 321 laurus
864 308 881 330 ‚

63 352 198 397 Furem
216 348 347 413 Priapo
367 367 444 395 non
465 348 618 395 timente
636 348 797 395 securus.

67 425 114 469 Et
130 421 333 470 vinitorem
353 421 448 468 farre
470 420 585 485 pascis
605 421 747 467 urbano
760 456 775 476 ,

65 495 278 558 Pifflmque
295 509 420 559 portas
439 493 583 541 otiosus
600 494 644 540 ad
666 492 793 539 villam

67 569 189 623 Olus,
213 588 308 627 ova,
328 569 473 632 pullos,
495 585 631 630 poma,
648 566 790 613 caseum
805 601 817 620 ‚
840 565 1007 614 mustum.
1080 596 1082 603 r

68 645 145 690 Rus
164 641 239 691 hoc
257 641 383 689 vocari
403 640 538 695 debet,
561 657 605 687 an
622 638 757 687 domus
775 639 893 704 longe
909 645 924 686 ἓ

378 826 497 874 LIX.
532 828 606 873 De
623 827 764 888 fictore
789 824 833 874 ἃ
851 826 1038 885 fullone,

71 925 248 1014 Suron
267 965 381 1012 cerdo
399 965 501 1011 dedit
516 964 584 1011 tibi
596 998 609 1018 ‚
629 965 725 1011 culta
744 962 919 1010 Bononia
931 997 943 1017 ‚
961 973 1109 1010 munus:

138 1036 248 1085 fullo
266 1036 368 1084 dedit
383 1036 557 1086 Mutinae.
579 1054 676 1084 nunc
692 1036 754 1082 ubi
775 1054 896 1101 caupo
915 1034 1042 1082 dabit?

482 1212 581 1260 LX.
617 1215 672 1260 In
698 1214 939 1259 Ponticum.

78 1321 229 1410 CUM
246 1377 363 1407 vocer
381 1362 426 1407 ad
445 1378 589 1406 coenam
604 1394 616 1414 ‚
635 1378 712 1406 non
731 1360 803 1421 jam
821 1358 963 1405 venalis
976 1393 987 1413 ‚
1006 1373 1047 1405 ut
1064 1374 1172 1413 ante,

144 1439 223 1483 Cur
241 1434 329 1481 mihi
350 1452 427 1480 non
447 1434 576 1480 eadem
589 1468 602 1486 ‚
619 1451 702 1496 quae
722 1431 789 1478 tibi
805 1468 817 1487 ‚
839 1449 943 1477 coena
960 1431 1092 1479 datur?

79 1510 209 1558 Ostrea
229 1524 266 1555 tu
284 1506 391 1554 sumis
409 1507 536 1570 stagno
556 1507 708 1552 saturata
731 1504 918 1551 Lucrino:
965 1535 971 1541 ·

146 1580 310 1628 Sumitur
328 1577 447 1625 inciso
469 1577 621 1642 mytilus
642 1595 709 1624 ore
727 1576 830 1622 mihi.

81 1658 174 1701 Sunt
195 1653 262 1700 tibi
282 1650 424 1699 boleti:
443 1651 577 1714 fungos
599 1668 673 1713 ego
694 1649 796 1695 sumo
817 1647 959 1694 suillos.

148 1732 223 1774 Res.
239 1727 305 1773 tibi
324 1744 406 1771 cum
425 1725 584 1771 rhombo
605 1724 677 1770 est:
696 1739 731 1769 at
748 1721 835 1768 mihi
856 1739 937 1767 cum
957 1720 1123 1784 sparulm.

85 1803 229 1847 Cereus
246 1797 453 1860 immodicis
473 1812 589 1842 turtur
607 1811 643 1842 te
660 1794 830 1842 clunibus
849 1794 978 1858 implet
991 1814 1010 1840 z>

149 1870 302 1917 Ponitur
319 1869 358 1916 in
377 1887 488 1915 cavea
508 1883 654 1915 mortua
673 1867 755 1932 pica
774 1867 876 1913 mihi.
912 1914 917 1918 ,

85 1947 164 1992 Cur
180 1942 256 1990 fine
273 1959 309 1989 te
327 1961 440 1990 coeno
454 1977 465 1995 ‚
486 1960 568 1987 cum
587 1956 708 1987 tecum
723 1975 736 1994 ,
755 1939 911 1987 Pontice
925 1975 939 1999 ,
958 1946 1133 2004 coenem?

150 2017 326 2081 Sportula
342 2016 446 2081 quod
462 2033 542 2064 non
560 2015 610 2063 est
624 2048 637 2070 ‚
654 2012 772 2079 profit
786 2034 796 2060 ι
815 2013 966 2062 edamus
986 2012 1098 2060 idem,

951 2442 1044 2497 H}

1263 181 1352 228 1¹⁷

1300 583 1357 628 50
