1716 2927
265 113 958 166 EPIGRAMMATUM
988 111 1193 159 LIB.I.
1331 123 1382 174 51

102 231 185 280 Effe
203 228 386 277 videbaris
401 263 412 281 ‚
430 227 552 273 fateor
566 260 579 277 ,
595 220 763 269 Lucretia
783 219 915 266 nobis:
1366 238 1390 278 5·

171 307 219 349 At
239 318 276 348 ru
298 301 320 365 (
337 319 406 365 pro
424 297 563 345 facinus
578 300 619 355 ¹.)
639 293 737 341 Baffa
751 328 764 347 ,
781 293 922 339 fututor
943 308 1034 337 eras.

105 380 204 423 Inter
221 374 258 421 se
281 372 452 438 geminos
468 371 579 417 audes
599 367 832 415 committere
853 383 997 411 cunnos
1011 399 1025 420 ‚

171 447 431 510 Mentiturque
447 446 563 493 virum
582 441 801 508 prodigiosa
819 444 956 486 Venus.

108 524 331 568 Commenta
350 538 387 566 es
406 518 558 583 dignum
575 515 758 562 Thebano
778 511 977 576 aenigmate
997 508 1222 556 monstrum:

174 594 244 642 Hic
258 630 272 650 ‚
289 591 353 639 ubi
373 591 429 638 vir
442 595 533 637 ‘non‘
545 589 594 636 est
609 625 622 645 .,
639 606 680 635 ur
698 586 740 633 fit
757 585 991 633 adulterium.
1338 600 1354 627 ι
1365 596 1395 626 ο

505 786 646 834 XCII.
684 787 766 832 Ad
787 787 978 830 Laelium.

112 920 262 1008 CUM
278 970 338 1002 tua
357 972 435 1001 non
456 953 541 999 edas
553 987 566 1006 ‚
583 950 700 1015 carpis
715 968 796 996 mea
816 947 975 995 carmina
988 983 1001 1002 ‚
1016 945 1118 993 Laeli⁶

175 1037 340 1096 Carpere
356 1026 522 1079 vel-noli
543 1027 663 1073 nostra
677 1060 690 1080 ‚
705 1025 766 1073 vel
785 1024 855 1070 ede
875 1040 948 1069 tua.

420 1227 580 1273 XCIII.
618 1227 700 1272 Ad
722 1223 1057 1270 Mamurianum.

114 1350 265 1436 SAEPE
284 1387 372 1433 mihi
392 1387 556 1449 queritur
575 1404 650 1432 non
667 1384 769 1430 ficcis
787 1383 915 1429 Cestus
934 1379 1065 1427 ocellis
1079 1413 1092 1435 ‚

177 1459 296 1523 Tangi
314 1460 350 1504 se
368 1457 489 1521 digito
503 1494 515 1514 ‚
533 1455 767 1502 Mamuriane
780 1490 792 1507 ‚
812 1473 894 1501 tuo,

114 1535 207 1581 Non
228 1552 322 1596 opus
339 1533 389 1578 est
407 1531 550 1595 digito:
573 1546 693 1576 totum
711 1528 777 1574 tibi
797 1529 938 1575 Ceston
956 1527 1093 1575 habeto
1107 1563 1120 1583 ,

182 1605 220 1652 Si
243 1605 341 1652 deest
362 1604 413 1650 nil
430 1603 528 1649 aliud
543 1638 556 1657 ,
572 1602 802 1649 Mamuriane
816 1639 829 1657 ‚
850 1601 929 1648 tibi.

115 1678 187 1724 Sed
205 1677 230 1723 fi
248 1695 315 1724 nec
332 1676 439 1723 focus
457 1676 506 1721 est
521 1711 533 1729 ‚
554 1675 642 1721 nudi
661 1694 729 1721 nec
746 1675 890 1738 sponda
909 1672 1078 1738 grabati,
1375 1693 1394 1737 5

181 1753 264 1796 Nec
281 1765 402 1796 curtus
423 1748 592 1794 Chiones
606 1783 619 1802 ‚
640 1747 868 1811 Antiopesve
888 1747 1003 1793 calix:

116 1825 238 1868 Cerea
257 1821 283 1868 st
303 1823 443 1886 pendet
458 1821 590 1868 lumbis
604 1857 617 1874 ‚
639 1821 679 1868 &
697 1821 780 1868 trita
795 1822 969 1875 lacerna,

187 1893 440 1956 Dimidiasque
460 1910 560 1940 nates
579 1893 725 1939 Gallica
743 1894 842 1958 palla
859 1893 979 1958 regim

122 1966 278 2013 Pasceris
297 1967 336 2014 ὅ(
358 1967 473 2032 nigrae
490 1967 574 2015 solo
595 1967 728 2013 nidore
749 1967 909 2023 culinae,

191 2044 237 2088 Et
255 2042 350 2088 bibis
368 2042 591 2088 immundam
609 2059 691 2088 curn
711 2058 802 2087 cane
823 2056 967 2104 pronus
986 2058 1137 2104 aquam:
1351 2060 1406 2089 ιο

124 2117 217 2163 Νοη
237 2117 358 2162 culum
377 2121 529 2180 (neque
548 2115 647 2162 enim
667 2115 718 2162 est
736 2115 862 2167 culus,
880 2114 942 2178 qui
961 2133 1039 2160 nou
1058 2132 1157 2163 cacat
1173 2113 1292 2174 olim)

191 2191 262 2236 Sed
281 2189 423 2235 fodiam
442 2189 564 2254 digito
579 2226 591 2244 ,
610 2188 673 2252 qui
691 2188 875 2251 superest,
893 2188 1057 2234 oculum.

125 2265 206 2312 Nec
225 2284 284 2312 me
304 2267 523 2329 zelotypum
537 2301 550 2318 ‚
570 2283 638 2310 nec
658 2263 792 2310 dixeris
811 2263 884 2309 effe
902 2263 1118 2328 malignum.

186 2338 359 2402 Denique
376 2337 518 2402 paedica
532 2373 546 2393 ‚
563 2335 825 2391 Mamuriane3
842 2337 949 2383 satur.

584 2418 588 2419 ⁷
1006 2411 1041 2454 D
1078 2428 1101 2454 2
