1716 2927
147 60 151 65 ¹
245 68 911 117 EPIGRAMMATUM
942 72 992 119 L.
1026 74 1162 120 XIV.

476 234 678 283 CXCIII.
712 237 913 284 Tibullus.

76 338 254 428 Ussn·
271 390 473 422 amatorem
489 374 655 421 Nemesis
677 374 809 422 lasciva
827 374 1018 425 Tibullum
1033 415 1046 433 ,

138 453 178 496 In
195 465 272 497 tota
289 449 384 512 juvit
401 467 508 513 quem
527 447 618 494 nihil
635 449 707 495 effe
725 449 855 496 domo.

874 524 885 554 ι

474 587 679 648 CXCIV.
712 603 922 648 Lucanus.

73 699 216 785 SUNT
233 735 378 800 quidam
391 771 404 790 ,
422 736 485 801 qui
504 755 563 784 me
579 736 706 784 dicunt
723 756 799 785 non
818 738 891 784 effe
910 752 1079 802 poetam:

137 809 212 856 Sed
224 845 237 866 ,
254 809 318 872 qui
337 828 396 857 me
411 810 564 865 vendit,
583 810 796 876 bibliopola
815 826 928 875 putat.

472 965 660 1012 CXCV.
698 969 902 1016 Catullus·

75 1066 320 1154 TANTUM
338 1124 468 1171 magna
484 1108 550 1154 suo
567 1107 679 1154 debet
697 1112 849 1155 Verona
868 1109 1047 1165 Catullo.

136 1179 328 1238 Quantum
345 1197 455 1243 parva
474 1179 540 1227 suo
559 1183 712 1227 Mantua
729 1181 906 1245 Virgilio.

316 1341 527 1389 CXCVI.
565 1345 699 1388 Calda
717 1340 760 1388 δ’
769 1341 938 1404 frigida
957 1359 1081 1401 aqua.

72 1443 244 1530 HAEC
263 1480 354 1536 tibi,
377 1500 459 1545 quae
478 1481 611 1528 fuerint
629 1482 813 1528 calciatum
833 1481 985 1530 nomina
999 1518 1011 1539 ‚
1031 1481 1181 1529 dicuntt

135 1555 213 1618 Ipsa
233 1554 311 1601 suas
331 1555 461 1602 melius
479 1554 599 1601 charta
619 1554 758 1601 natabit
774 1573 898 1619 aquas,

382 1706 617 1754 CXCVII.
651 1709 781 1753 Mulae
790 1710 980 1766 pumilae.

69 1803 206 1890 His
222 1841 288 1889 tibi
306 1843 354 1888 de
372 1842 575 1889 mulis›non
594 1843 642 1889 est
659 1843 854 1891 metuenda
868 1843 995 1890 ruina:

131 1916 252 1963 Altius
270 1917 307 1964 in
326 1933 420 1964 terra
441 1935 550 1980 paene
571 1917 698 1963 sedere
715 1918 826 1964 soles.

339 2063 590 2111 CXCVIII.
627 2068 786 2112 Catella
811 2066 1053 2113 Gallicana.

20 2191 40 2216 ⁹
69 2168 163 2256 D
168 2221 330 2251 tuens
351 2222 470 2268 parvae
489 2202 515 2250 fi
533 2203 589 2250 vis
606 2203 732 2251 audire
749 2203 891 2250 catellae
905 2239 918 2258 ‚

134 2277 301 2324 Narranti
318 2276 441 2322 brevis
461 2277 512 2322 est
531 2276 664 2341 pagina
682 2292 760 2325 tota
776 2276 879 2325 mihi.

171 2356 387 2404 Martialis
426 2356 523 2402 Vol.
546 2356 608 2401 II.
1042 2353 1066 2396 S

1265 91 1349 140 273
