<?xml version="1.0" encoding="UTF-8"?>
<!DOCTYPE html PUBLIC "-//W3C//DTD XHTML 1.0 Transitional//EN"
    "http://www.w3.org/TR/xhtml1/DTD/xhtml1-transitional.dtd">
<html xmlns="http://www.w3.org/1999/xhtml" xml:lang="en" lang="en">
 <head>
  <title>
</title>
<meta http-equiv="Content-Type" content="text/html;charset=utf-8" />
  <meta name='ocr-system' content='tesseract 3.04.00' />
  <meta name='ocr-capabilities' content='ocr_page ocr_carea ocr_par ocr_line ocrx_word'/>
</head>
<body>
  <div class='ocr_page' id='page_1' title='image "./epigrammataadopt00martuoft_0401.png"; bbox 0 0 1716 2927; ppageno 0'>
   <div class='ocr_carea' id='block_1_1' title="bbox 278 140 1376 209">
    <p class='ocr_par' dir='ltr' id='par_1_1' title="bbox 278 140 1376 209">
     <span class='ocr_line' id='line_1_1' title="bbox 278 140 1376 209; baseline 0.008 -23"><span class='ocrx_word' id='word_1_1' title='bbox 278 140 956 188; x_wconf 84' lang='lat' dir='ltr'><em>EPIGRAMMATUM</em></span> <span class='ocrx_word' id='word_1_2' title='bbox 985 144 1034 190; x_wconf 90' lang='lat' dir='ltr'>L.</span> <span class='ocrx_word' id='word_1_3' title='bbox 1070 145 1160 193; x_wconf 86' lang='lat' dir='ltr'>IX.</span> <span class='ocrx_word' id='word_1_4' title='bbox 1274 143 1376 209; x_wconf 71' lang='grc'>’69</span> 
     </span>
    </p>
   </div>
   <div class='ocr_carea' id='block_1_2' title="bbox 434 318 1011 381">
    <p class='ocr_par' dir='ltr' id='par_1_2' title="bbox 434 318 1011 381">
     <span class='ocr_line' id='line_1_2' title="bbox 434 318 1011 381; baseline 0.003 -16"><span class='ocrx_word' id='word_1_5' title='bbox 434 318 583 367; x_wconf 88' lang='lat' dir='ltr'><strong>LXX.</strong></span> <span class='ocrx_word' id='word_1_6' title='bbox 617 321 672 366; x_wconf 81' lang='lat' dir='ltr'>In.</span> <span class='ocrx_word' id='word_1_7' title='bbox 693 321 1011 381; x_wconf 51' lang='lat' dir='ltr'>Pogycarmmm</span> 
     </span>
    </p>
   </div>
   <div class='ocr_carea' id='block_1_3' title="bbox 36 424 1081 602">
    <p class='ocr_par' dir='ltr' id='par_1_3' title="bbox 36 424 1081 602">
     <span class='ocr_line' id='line_1_3' title="bbox 36 424 1081 528; baseline -0.003 -16"><span class='ocrx_word' id='word_1_8' title='bbox 36 515 42 528; x_wconf 48' lang='grc' dir='ltr'>Ι</span> <span class='ocrx_word' id='word_1_9' title='bbox 82 424 231 512; x_wconf 76' lang='lat' dir='ltr'>Cum</span> <span class='ocrx_word' id='word_1_10' title='bbox 248 461 358 509; x_wconf 77' lang='lat' dir='ltr'>futuis</span> <span class='ocrx_word' id='word_1_11' title='bbox 372 499 384 518; x_wconf 88' lang='lat'><strong>‚</strong></span> <span class='ocrx_word' id='word_1_12' title='bbox 401 462 622 526; x_wconf 84' lang='lat' dir='ltr'>Polycarme</span> <span class='ocrx_word' id='word_1_13' title='bbox 636 496 648 515; x_wconf 87' lang='lat'>,</span> <span class='ocrx_word' id='word_1_14' title='bbox 669 461 769 507; x_wconf 84' lang='lat' dir='ltr'>soles</span> <span class='ocrx_word' id='word_1_15' title='bbox 789 461 826 507; x_wconf 83' lang='lat' dir='ltr'>in</span> <span class='ocrx_word' id='word_1_16' title='bbox 847 461 921 508; x_wconf 85' lang='lat' dir='ltr'>fine</span> <span class='ocrx_word' id='word_1_17' title='bbox 939 479 1081 509; x_wconf 79' lang='lat' dir='ltr'><strong>cacare.</strong></span> 
     </span>
     <span class='ocr_line' id='line_1_4' title="bbox 148 534 1026 602; baseline -0.005 -18"><span class='ocrx_word' id='word_1_18' title='bbox 148 541 243 584; x_wconf 87' lang='lat' dir='ltr'>Cum</span> <span class='ocrx_word' id='word_1_19' title='bbox 264 535 454 602; x_wconf 82' lang='lat' dir='ltr'>paedicaris</span> <span class='ocrx_word' id='word_1_20' title='bbox 470 572 482 590; x_wconf 88' lang='lat'>‚</span> <span class='ocrx_word' id='word_1_21' title='bbox 501 536 591 601; x_wconf 87' lang='lat' dir='ltr'>quid</span> <span class='ocrx_word' id='word_1_22' title='bbox 607 573 620 591; x_wconf 89' lang='lat'>,</span> <span class='ocrx_word' id='word_1_23' title='bbox 639 535 859 600; x_wconf 85' lang='lat' dir='ltr'>Polycarme</span> <span class='ocrx_word' id='word_1_24' title='bbox 874 572 887 591; x_wconf 88' lang='lat'>‚</span> <span class='ocrx_word' id='word_1_25' title='bbox 908 534 1026 584; x_wconf 62' lang='lat' dir='ltr'>facis}</span> 
     </span>
    </p>
   </div>
   <div class='ocr_carea' id='block_1_4' title="bbox 432 721 1002 769">
    <p class='ocr_par' dir='ltr' id='par_1_4' title="bbox 432 721 1002 769">
     <span class='ocr_line' id='line_1_5' title="bbox 432 721 1002 769; baseline -0.002 0"><span class='ocrx_word' id='word_1_26' title='bbox 432 721 592 769; x_wconf 82' lang='lat' dir='ltr'><strong>LXXI.</strong></span> <span class='ocrx_word' id='word_1_27' title='bbox 627 723 682 768; x_wconf 79' lang='lat' dir='ltr'>Itz</span> <span class='ocrx_word' id='word_1_28' title='bbox 714 722 1002 768; x_wconf 71' lang='lat' dir='ltr'>Caecilianum.</span> 
     </span>
    </p>
   </div>
   <div class='ocr_carea' id='block_1_5' title="bbox 77 827 1363 1575">
    <p class='ocr_par' dir='ltr' id='par_1_5' title="bbox 77 827 1221 1007">
     <span class='ocr_line' id='line_1_6' title="bbox 77 827 1221 922; baseline 0.001 -10"><span class='ocrx_word' id='word_1_29' title='bbox 77 827 169 912; x_wconf 85' lang='lat' dir='ltr'>D</span> <span class='ocrx_word' id='word_1_30' title='bbox 175 880 336 910; x_wconf 69' lang='lat' dir='ltr'>lxmAT</span> <span class='ocrx_word' id='word_1_31' title='bbox 349 899 361 921; x_wconf 90' lang='lat'><strong>,</strong></span> <span class='ocrx_word' id='word_1_32' title='bbox 383 882 413 912; x_wconf 93' lang='lat'>0</span> <span class='ocrx_word' id='word_1_33' title='bbox 434 871 602 912; x_wconf 71' lang='lat' dir='ltr'>mom-:sl</span> <span class='ocrx_word' id='word_1_34' title='bbox 620 882 654 912; x_wconf 91' lang='lat'>0</span> <span class='ocrx_word' id='word_1_35' title='bbox 670 871 907 912; x_wconf 77' lang='lat' dir='ltr'>TEMPORA!</span> <span class='ocrx_word' id='word_1_36' title='bbox 926 863 1072 912; x_wconf 85' lang='lat' dir='ltr'>Tullius</span> <span class='ocrx_word' id='word_1_37' title='bbox 1091 865 1184 913; x_wconf 81' lang='lat' dir='ltr'>olim</span> <span class='ocrx_word' id='word_1_38' title='bbox 1203 876 1221 922; x_wconf 67' lang='grc' dir='ltr'>ζ,</span> 
     </span>
     <span class='ocr_line' id='line_1_7' title="bbox 143 941 962 1007; baseline -0.002 -18"><span class='ocrx_word' id='word_1_39' title='bbox 143 943 366 1007; x_wconf 82' lang='lat' dir='ltr'>Sacrilegum</span> <span class='ocrx_word' id='word_1_40' title='bbox 386 943 539 990; x_wconf 86' lang='lat' dir='ltr'>strueret</span> <span class='ocrx_word' id='word_1_41' title='bbox 556 943 639 988; x_wconf 86' lang='lat' dir='ltr'>cum</span> <span class='ocrx_word' id='word_1_42' title='bbox 658 941 817 988; x_wconf 81' lang='lat' dir='ltr'>Catilina</span> <span class='ocrx_word' id='word_1_43' title='bbox 838 942 962 987; x_wconf 81' lang='lat' dir='ltr'>nefas:</span> 
     </span>
    </p>

    <p class='ocr_par' dir='ltr' id='par_1_6' title="bbox 79 1013 1078 1150">
     <span class='ocr_line' id='line_1_8' title="bbox 79 1013 1078 1078; baseline 0.002 -19"><span class='ocrx_word' id='word_1_44' title='bbox 79 1016 176 1060; x_wconf 86' lang='lat' dir='ltr'>Cum</span> <span class='ocrx_word' id='word_1_45' title='bbox 194 1032 309 1078; x_wconf 86' lang='lat' dir='ltr'>gener</span> <span class='ocrx_word' id='word_1_46' title='bbox 327 1030 437 1078; x_wconf 81' lang='lat' dir='ltr'>atque</span> <span class='ocrx_word' id='word_1_47' title='bbox 454 1015 562 1062; x_wconf 84' lang='lat' dir='ltr'>socer</span> <span class='ocrx_word' id='word_1_48' title='bbox 580 1014 668 1061; x_wconf 87' lang='lat' dir='ltr'>diris</span> <span class='ocrx_word' id='word_1_49' title='bbox 689 1029 928 1062; x_wconf 84' lang='lat' dir='ltr'>concurreret</span> <span class='ocrx_word' id='word_1_50' title='bbox 943 1013 1051 1061; x_wconf 83' lang='lat' dir='ltr'>armis</span> <span class='ocrx_word' id='word_1_51' title='bbox 1065 1050 1078 1069; x_wconf 90' lang='lat'>‚</span> 
     </span>
     <span class='ocr_line' id='line_1_9' title="bbox 139 1086 931 1150; baseline 0.001 -19"><span class='ocrx_word' id='word_1_52' title='bbox 139 1086 351 1150; x_wconf 87' lang='lat' dir='ltr'>Moestaque</span> <span class='ocrx_word' id='word_1_53' title='bbox 368 1086 466 1134; x_wconf 83' lang='lat' dir='ltr'>civili</span> <span class='ocrx_word' id='word_1_54' title='bbox 485 1087 587 1134; x_wconf 82' lang='lat' dir='ltr'>caede</span> <span class='ocrx_word' id='word_1_55' title='bbox 606 1088 771 1135; x_wconf 83' lang='lat' dir='ltr'>maderet</span> <span class='ocrx_word' id='word_1_56' title='bbox 789 1088 931 1134; x_wconf 82' lang='lat' dir='ltr'>humus.</span> 
     </span>
    </p>

    <p class='ocr_par' dir='ltr' id='par_1_7' title="bbox 77 1159 1360 1296">
     <span class='ocr_line' id='line_1_10' title="bbox 77 1159 1360 1219; baseline 0.002 -15"><span class='ocrx_word' id='word_1_57' title='bbox 77 1161 157 1205; x_wconf 81' lang='lat' dir='ltr'>Cur</span> <span class='ocrx_word' id='word_1_58' title='bbox 174 1178 269 1205; x_wconf 89' lang='lat' dir='ltr'>nunc</span> <span class='ocrx_word' id='word_1_59' title='bbox 284 1195 297 1213; x_wconf 87' lang='lat'>‚</span> <span class='ocrx_word' id='word_1_60' title='bbox 312 1178 342 1207; x_wconf 92' lang='lat' dir='ltr'>o</span> <span class='ocrx_word' id='word_1_61' title='bbox 359 1178 501 1208; x_wconf 75' lang='lat' dir='ltr'>MOREs</span> <span class='ocrx_word' id='word_1_62' title='bbox 517 1168 528 1207; x_wconf 69' lang='grc' dir='ltr'>ἱ</span> <span class='ocrx_word' id='word_1_63' title='bbox 547 1180 611 1208; x_wconf 90' lang='lat' dir='ltr'>cur</span> <span class='ocrx_word' id='word_1_64' title='bbox 629 1180 726 1207; x_wconf 87' lang='lat' dir='ltr'>nunc</span> <span class='ocrx_word' id='word_1_65' title='bbox 741 1197 752 1214; x_wconf 79' lang='lat'>‚</span> <span class='ocrx_word' id='word_1_66' title='bbox 769 1177 800 1206; x_wconf 91' lang='grc' dir='ltr'>ο</span> <span class='ocrx_word' id='word_1_67' title='bbox 819 1166 1053 1206; x_wconf 76' lang='lat' dir='ltr'>TEMPORA!</span> <span class='ocrx_word' id='word_1_68' title='bbox 1074 1159 1196 1206; x_wconf 81' lang='lat' dir='ltr'>dicis?</span> <span class='ocrx_word' id='word_1_69' title='bbox 1342 1177 1360 1219; x_wconf 72' lang='grc' dir='ltr'>ς</span> 
     </span>
     <span class='ocr_line' id='line_1_11' title="bbox 143 1230 1083 1296; baseline 0.003 -22"><span class='ocrx_word' id='word_1_70' title='bbox 143 1230 261 1289; x_wconf 86' lang='lat' dir='ltr'>Quod</span> <span class='ocrx_word' id='word_1_71' title='bbox 282 1231 347 1276; x_wconf 83' lang='lat' dir='ltr'>tibi</span> <span class='ocrx_word' id='word_1_72' title='bbox 366 1250 444 1278; x_wconf 88' lang='lat' dir='ltr'>non</span> <span class='ocrx_word' id='word_1_73' title='bbox 461 1233 631 1296; x_wconf 82' lang='lat' dir='ltr'>placeat,</span> <span class='ocrx_word' id='word_1_74' title='bbox 650 1232 855 1279; x_wconf 78' lang='lat' dir='ltr'>Caeciliane</span> <span class='ocrx_word' id='word_1_75' title='bbox 869 1267 881 1283; x_wconf 83' lang='lat'>‚</span> <span class='ocrx_word' id='word_1_76' title='bbox 901 1230 992 1295; x_wconf 85' lang='lat' dir='ltr'>quid</span> <span class='ocrx_word' id='word_1_77' title='bbox 1009 1231 1083 1278; x_wconf 78' lang='lat' dir='ltr'>est?</span> 
     </span>
    </p>

    <p class='ocr_par' dir='ltr' id='par_1_8' title="bbox 77 1301 981 1438">
     <span class='ocr_line' id='line_1_12' title="bbox 77 1301 981 1356; baseline 0.001 -9"><span class='ocrx_word' id='word_1_78' title='bbox 77 1301 190 1348; x_wconf 80' lang='lat' dir='ltr'>Nulla</span> <span class='ocrx_word' id='word_1_79' title='bbox 208 1302 342 1347; x_wconf 90' lang='lat' dir='ltr'>ducum</span> <span class='ocrx_word' id='word_1_80' title='bbox 361 1302 505 1356; x_wconf 75' lang='lat' dir='ltr'>feritas,</span> <span class='ocrx_word' id='word_1_81' title='bbox 527 1304 626 1349; x_wconf 84' lang='lat' dir='ltr'>nulla</span> <span class='ocrx_word' id='word_1_82' title='bbox 647 1304 696 1349; x_wconf 89' lang='lat' dir='ltr'>est</span> <span class='ocrx_word' id='word_1_83' title='bbox 714 1302 852 1348; x_wconf 80' lang='lat' dir='ltr'>insania</span> <span class='ocrx_word' id='word_1_84' title='bbox 870 1303 981 1348; x_wconf 83' lang='lat' dir='ltr'>ferri:</span> 
     </span>
     <span class='ocr_line' id='line_1_13' title="bbox 143 1373 805 1438; baseline 0 -19"><span class='ocrx_word' id='word_1_85' title='bbox 143 1377 233 1420; x_wconf 84' lang='lat' dir='ltr'>Pace</span> <span class='ocrx_word' id='word_1_86' title='bbox 253 1373 322 1419; x_wconf 88' lang='lat' dir='ltr'>frui</span> <span class='ocrx_word' id='word_1_87' title='bbox 341 1389 438 1420; x_wconf 82' lang='lat' dir='ltr'>certa</span> <span class='ocrx_word' id='word_1_88' title='bbox 453 1410 464 1428; x_wconf 90' lang='lat'><strong>‚</strong></span> <span class='ocrx_word' id='word_1_89' title='bbox 483 1374 684 1438; x_wconf 79' lang='lat' dir='ltr'>laetitiaque</span> <span class='ocrx_word' id='word_1_90' title='bbox 705 1374 805 1419; x_wconf 81' lang='lat' dir='ltr'>licet.</span> 
     </span>
    </p>

    <p class='ocr_par' dir='ltr' id='par_1_9' title="bbox 77 1445 1363 1575">
     <span class='ocr_line' id='line_1_14' title="bbox 77 1445 1155 1510; baseline -0.003 -17"><span class='ocrx_word' id='word_1_91' title='bbox 77 1449 167 1493; x_wconf 88' lang='lat' dir='ltr'>Non</span> <span class='ocrx_word' id='word_1_92' title='bbox 189 1446 299 1493; x_wconf 85' lang='lat' dir='ltr'>nostri</span> <span class='ocrx_word' id='word_1_93' title='bbox 320 1446 485 1501; x_wconf 75' lang='lat' dir='ltr'>faciunt,</span> <span class='ocrx_word' id='word_1_94' title='bbox 501 1464 560 1494; x_wconf 83' lang='lat' dir='ltr'>tua</span> <span class='ocrx_word' id='word_1_95' title='bbox 580 1447 683 1510; x_wconf 86' lang='lat' dir='ltr'>quod</span> <span class='ocrx_word' id='word_1_96' title='bbox 701 1445 767 1492; x_wconf 85' lang='lat' dir='ltr'>tibi</span> <span class='ocrx_word' id='word_1_97' title='bbox 789 1463 960 1510; x_wconf 79' lang='lat' dir='ltr'>tempora</span> <span class='ocrx_word' id='word_1_98' title='bbox 979 1445 1155 1495; x_wconf 86' lang='lat' dir='ltr'>sordent:</span> 
     </span>
     <span class='ocr_line' id='line_1_15' title="bbox 142 1517 1363 1575; baseline -0.001 -11"><span class='ocrx_word' id='word_1_99' title='bbox 142 1519 214 1566; x_wconf 86' lang='lat' dir='ltr'>Sed</span> <span class='ocrx_word' id='word_1_100' title='bbox 233 1518 371 1566; x_wconf 85' lang='lat' dir='ltr'>faciunt</span> <span class='ocrx_word' id='word_1_101' title='bbox 387 1538 512 1567; x_wconf 85' lang='lat' dir='ltr'>mores</span> <span class='ocrx_word' id='word_1_102' title='bbox 526 1555 539 1574; x_wconf 86' lang='lat'>‚</span> <span class='ocrx_word' id='word_1_103' title='bbox 557 1519 762 1567; x_wconf 73' lang='lat' dir='ltr'>Caeciliane</span> <span class='ocrx_word' id='word_1_104' title='bbox 776 1555 788 1575; x_wconf 90' lang='lat'>‚</span> <span class='ocrx_word' id='word_1_105' title='bbox 808 1517 875 1565; x_wconf 77' lang='lat' dir='ltr'>tui.</span> <span class='ocrx_word' id='word_1_106' title='bbox 1306 1532 1363 1563; x_wconf 71' lang='grc' dir='ltr'>ιο</span> 
     </span>
    </p>
   </div>
   <div class='ocr_carea' id='block_1_6' title="bbox 380 1702 1038 1753">
    <p class='ocr_par' dir='ltr' id='par_1_10' title="bbox 380 1702 1038 1753">
     <span class='ocr_line' id='line_1_16' title="bbox 380 1702 1038 1753; baseline 0.003 -3"><span class='ocrx_word' id='word_1_107' title='bbox 380 1703 563 1750; x_wconf 83' lang='lat' dir='ltr'><strong>LXXII.</strong></span> <span class='ocrx_word' id='word_1_108' title='bbox 598 1705 672 1750; x_wconf 89' lang='lat' dir='ltr'>De</span> <span class='ocrx_word' id='word_1_109' title='bbox 696 1709 808 1751; x_wconf 79' lang='lat' dir='ltr'>leone</span> <span class='ocrx_word' id='word_1_110' title='bbox 833 1702 876 1751; x_wconf 67' lang='grc' dir='ltr'>δ’</span> <span class='ocrx_word' id='word_1_111' title='bbox 901 1707 1038 1753; x_wconf 65' lang='lat' dir='ltr'>ariete.</span> 
     </span>
    </p>
   </div>
   <div class='ocr_carea' id='block_1_7' title="bbox 76 1815 1353 2489">
    <p class='ocr_par' dir='ltr' id='par_1_11' title="bbox 76 1815 1353 2489">
     <span class='ocr_line' id='line_1_17' title="bbox 79 1815 1069 1920; baseline 0.005 -23"><span class='ocrx_word' id='word_1_112' title='bbox 79 1815 330 1902; x_wconf 77' lang='lat' dir='ltr'>MAssYu</span> <span class='ocrx_word' id='word_1_113' title='bbox 350 1855 414 1900; x_wconf 87' lang='lat' dir='ltr'>leo</span> <span class='ocrx_word' id='word_1_114' title='bbox 434 1855 526 1902; x_wconf 78' lang='lat' dir='ltr'>fama</span> <span class='ocrx_word' id='word_1_115' title='bbox 545 1855 624 1920; x_wconf 76' lang='lat' dir='ltr'>jugi</span> <span class='ocrx_word' id='word_1_116' title='bbox 643 1891 654 1910; x_wconf 91' lang='lat'><strong>‚</strong></span> <span class='ocrx_word' id='word_1_117' title='bbox 672 1856 896 1919; x_wconf 76' lang='lat' dir='ltr'>pecorisque</span> <span class='ocrx_word' id='word_1_118' title='bbox 916 1858 1069 1906; x_wconf 70' lang='lat' dir='ltr'>maritus,</span> 
     </span>
     <span class='ocr_line' id='line_1_18' title="bbox 141 1927 862 1991; baseline 0.006 -20"><span class='ocrx_word' id='word_1_119' title='bbox 141 1927 338 1990; x_wconf 77' lang='lat' dir='ltr'>Lanigeri,</span> <span class='ocrx_word' id='word_1_120' title='bbox 358 1928 489 1974; x_wconf 85' lang='lat' dir='ltr'>mirum</span> <span class='ocrx_word' id='word_1_121' title='bbox 503 1963 515 1981; x_wconf 92' lang='lat'><strong>‚</strong></span> <span class='ocrx_word' id='word_1_122' title='bbox 536 1947 608 1991; x_wconf 83' lang='lat' dir='ltr'>qua</span> <span class='ocrx_word' id='word_1_123' title='bbox 627 1929 754 1975; x_wconf 82' lang='lat' dir='ltr'>coiere</span> <span class='ocrx_word' id='word_1_124' title='bbox 775 1928 862 1975; x_wconf 84' lang='lat' dir='ltr'>fide.</span> 
     </span>
     <span class='ocr_line' id='line_1_19' title="bbox 78 1998 973 2061; baseline 0.006 -18"><span class='ocrx_word' id='word_1_125' title='bbox 78 1999 159 2061; x_wconf 77' lang='lat' dir='ltr'>Ipse</span> <span class='ocrx_word' id='word_1_126' title='bbox 177 1998 265 2044; x_wconf 80' lang='lat' dir='ltr'>licet</span> <span class='ocrx_word' id='word_1_127' title='bbox 282 1998 404 2046; x_wconf 81' lang='lat' dir='ltr'>videas</span> <span class='ocrx_word' id='word_1_128' title='bbox 419 2035 432 2054; x_wconf 87' lang='lat'>,</span> <span class='ocrx_word' id='word_1_129' title='bbox 452 2018 562 2046; x_wconf 79' lang='lat' dir='ltr'>cavea</span> <span class='ocrx_word' id='word_1_130' title='bbox 579 2000 801 2047; x_wconf 81' lang='lat' dir='ltr'>stabulantur</span> <span class='ocrx_word' id='word_1_131' title='bbox 820 1999 858 2046; x_wconf 85' lang='lat' dir='ltr'>in</span> <span class='ocrx_word' id='word_1_132' title='bbox 876 2018 945 2048; x_wconf 86' lang='lat' dir='ltr'>una</span> <span class='ocrx_word' id='word_1_133' title='bbox 957 2036 973 2055; x_wconf 87' lang='lat'><strong>‚</strong></span> 
     </span>
     <span class='ocr_line' id='line_1_20' title="bbox 143 2072 915 2139; baseline 0.004 -21"><span class='ocrx_word' id='word_1_134' title='bbox 143 2075 172 2117; x_wconf 91' lang='lat' dir='ltr'>E</span> <span class='ocrx_word' id='word_1_135' title='bbox 193 2072 330 2135; x_wconf 79' lang='lat' dir='ltr'>pariter</span> <span class='ocrx_word' id='word_1_136' title='bbox 348 2073 464 2119; x_wconf 79' lang='lat' dir='ltr'>socias</span> <span class='ocrx_word' id='word_1_137' title='bbox 481 2073 598 2137; x_wconf 85' lang='lat' dir='ltr'>carpit</span> <span class='ocrx_word' id='word_1_138' title='bbox 615 2089 773 2138; x_wconf 86' lang='lat' dir='ltr'>uterque</span> <span class='ocrx_word' id='word_1_139' title='bbox 789 2075 915 2139; x_wconf 81' lang='lat' dir='ltr'>dapes.</span> 
     </span>
     <span class='ocr_line' id='line_1_21' title="bbox 76 2146 1353 2211; baseline 0.002 -19"><span class='ocrx_word' id='word_1_140' title='bbox 76 2148 158 2192; x_wconf 88' lang='lat' dir='ltr'>Nec</span> <span class='ocrx_word' id='word_1_141' title='bbox 175 2146 269 2192; x_wconf 76' lang='lat' dir='ltr'>foetu</span> <span class='ocrx_word' id='word_1_142' title='bbox 290 2165 485 2193; x_wconf 87' lang='lat' dir='ltr'>nemorum</span> <span class='ocrx_word' id='word_1_143' title='bbox 507 2148 696 2211; x_wconf 82' lang='lat' dir='ltr'>gaudent,</span> <span class='ocrx_word' id='word_1_144' title='bbox 714 2166 785 2194; x_wconf 87' lang='lat' dir='ltr'>nec</span> <span class='ocrx_word' id='word_1_145' title='bbox 805 2146 951 2194; x_wconf 86' lang='lat' dir='ltr'>mitibus</span> <span class='ocrx_word' id='word_1_146' title='bbox 970 2146 1093 2194; x_wconf 79' lang='lat' dir='ltr'>herbis</span> <span class='ocrx_word' id='word_1_147' title='bbox 1104 2166 1121 2193; x_wconf 80' lang='lat'>:-</span> <span class='ocrx_word' id='word_1_148' title='bbox 1332 2165 1353 2211; x_wconf 68' lang='grc' dir='ltr'><strong>ς</strong></span> 
     </span>
     <span class='ocr_line' id='line_1_22' title="bbox 144 2218 983 2283; baseline 0.002 -19"><span class='ocrx_word' id='word_1_149' title='bbox 144 2220 389 2265; x_wconf 87' lang='lat' dir='ltr'>Concordem</span> <span class='ocrx_word' id='word_1_150' title='bbox 404 2218 506 2266; x_wconf 75' lang='lat' dir='ltr'>fatiat</span> <span class='ocrx_word' id='word_1_151' title='bbox 524 2220 586 2266; x_wconf 88' lang='lat' dir='ltr'>sed</span> <span class='ocrx_word' id='word_1_152' title='bbox 606 2219 704 2265; x_wconf 85' lang='lat' dir='ltr'>rudis</span> <span class='ocrx_word' id='word_1_153' title='bbox 723 2238 818 2283; x_wconf 77' lang='lat' dir='ltr'>agna</span> <span class='ocrx_word' id='word_1_154' title='bbox 837 2220 983 2266; x_wconf 80' lang='lat' dir='ltr'>famem.</span> 
     </span>
     <span class='ocr_line' id='line_1_23' title="bbox 79 2291 1148 2357; baseline 0.003 -21"><span class='ocrx_word' id='word_1_155' title='bbox 79 2291 184 2353; x_wconf 83' lang='lat' dir='ltr'>Quid</span> <span class='ocrx_word' id='word_1_156' title='bbox 199 2292 332 2338; x_wconf 85' lang='lat' dir='ltr'>meruit</span> <span class='ocrx_word' id='word_1_157' title='bbox 350 2308 471 2339; x_wconf 81' lang='lat' dir='ltr'>terror</span> <span class='ocrx_word' id='word_1_158' title='bbox 490 2295 650 2340; x_wconf 83' lang='lat' dir='ltr'>Nemees</span> <span class='ocrx_word' id='word_1_159' title='bbox 666 2329 678 2346; x_wconf 81' lang='lat'>‚</span> <span class='ocrx_word' id='word_1_160' title='bbox 696 2293 784 2357; x_wconf 87' lang='lat' dir='ltr'>quid</span> <span class='ocrx_word' id='word_1_161' title='bbox 803 2294 976 2357; x_wconf 82' lang='lat' dir='ltr'>proditor</span> <span class='ocrx_word' id='word_1_162' title='bbox 993 2293 1148 2347; x_wconf 56' lang='lat' dir='ltr'>Helles.)</span> 
     </span>
     <span class='ocr_line' id='line_1_24' title="bbox 144 2364 851 2433; baseline 0.004 -22"><span class='ocrx_word' id='word_1_163' title='bbox 144 2368 196 2412; x_wconf 87' lang='lat' dir='ltr'>Ut</span> <span class='ocrx_word' id='word_1_164' title='bbox 215 2364 354 2414; x_wconf 78' lang='lat' dir='ltr'>niteant</span> <span class='ocrx_word' id='word_1_165' title='bbox 372 2366 458 2414; x_wconf 78' lang='lat' dir='ltr'>celfi</span> <span class='ocrx_word' id='word_1_166' title='bbox 477 2365 598 2415; x_wconf 75' lang='lat' dir='ltr'>lucida</span> <span class='ocrx_word' id='word_1_167' title='bbox 621 2367 718 2432; x_wconf 80' lang='lat' dir='ltr'>figna</span> <span class='ocrx_word' id='word_1_168' title='bbox 740 2367 851 2433; x_wconf 70' lang='lat' dir='ltr'>poli?</span> 
     </span>
     <span class='ocr_line' id='line_1_25' title="bbox 969 2434 1061 2489; baseline 0 0"><span class='ocrx_word' id='word_1_169' title='bbox 969 2434 1003 2476; x_wconf 76' lang='grc' dir='ltr'>Ε</span> <span class='ocrx_word' id='word_1_170' title='bbox 1039 2449 1061 2489; x_wconf 75' lang='lat'>3</span> 
     </span>
    </p>
   </div>
  </div>
 </body>
</html>
