1716 2927
322 126 413 171 162
596 127 664 173 M„
701 127 865 174 VAL.
902 125 1341 175 MARTIALIS

695 309 866 355 LXXV
870 341 881 356 0
926 311 979 354 In
1006 312 1187 359 Caeliam.

320 412 522 500 Tum
541 454 654 500 tefius
673 471 787 502 aenea
809 456 950 503 lavatur

315 529 457 574 Tecum
470 563 482 581 .,
501 527 616 573 Caelia
630 563 641 580 ‚
659 529 793 574 servus.
817 545 856 575 ut
874 528 963 592 quid
980 563 990 582 ‚
1011 548 1080 576 oro
1097 565 1110 584 ‚

315 605 408 648 Non
424 601 465 647 fit
485 619 567 647 cum
587 600 809 648 citharoedus
827 639 838 658 ‚
857 618 918 648 aut
937 603 1158 650 choraules?

315 674 408 719 Non
427 673 479 720 vis
492 707 503 725 ‚
522 687 669 734 utputo
686 708 698 726 ‚
716 674 917 720 mentulam
935 675 1078 722 videre.

313 752 445 809 Quare
464 766 546 794 cum
563 747 709 811 populo
729 749 856 794 lavaris
873 763 965 813 ergo
983 755 998 794 ?

316 824 460 866 Omnes
477 838 523 866 an
541 819 606 866 tibi
627 838 695 865 nos
715 820 836 866 sumus
852 821 1063 884 spadones?

313 893 416 956 Ergo
430 928 442 947 ‚
462 911 508 939 ne
526 892 683 939 videaris
702 892 872 940 invidere
887 928 900 946 ‚

316 969 434 1014 Servo
447 1002 459 1022 ‚
477 966 594 1015 Caelia
609 1002 622 1022 a
639 967 788 1014 fibulam
807 966 966 1014 remitte,

673 1158 881 1206 LXXVI.
916 1160 963 1203 A
965 1159 996 1202 d
1011 1159 1188 1206 Paetum‘·>

257 1331 261 1334 ·
315 1270 536 1359 SOLVERE
550 1343 562 1362 ‚
581 1309 702 1361 Paete,
720 1309 849 1355 decem
870 1306 936 1354 tibi
957 1298 1193 1378 melsestertia
1212 1306 1342 1372 cogis:

379 1382 584 1430 Perdiderit
599 1382 774 1446 quoniam
791 1386 913 1428 Bucco
933 1382 1087 1427 ducenta
1107 1380 1186 1427 tibi.

312 1456 373 1501 Ne
396 1472 582 1511 noceant,
601 1474 672 1503 oro
688 1490 701 1509 ‚
717 1455 806 1502 mihi
825 1474 903 1502 non
921 1471 1003 1503 mea
1018 1453 1195 1500 crimina:
1217 1468 1254 1500 tu
1268 1489 1280 1508 ‚
1298 1452 1363 1518 qui

377 1529 435 1576 Bis
452 1545 607 1577 centena
626 1544 738 1594 potes
752 1529 911 1593 perdere
925 1563 937 1583 ,
952 1527 1070 1592 perde
1089 1528 1234 1575 decem.

652 1711 877 1758 LXXVII.
911 1713 965 1756 In
987 1715 1030 1758 V
1029 1729 1237 1773 acerram„

315 1828 392 1914 ΪΝ
411 1864 580 1912 omnibus
598 1867 755 1910 Vacerra
775 1864 878 1927 quod
896 1861 1136 1909 conclavibus

310 1939 509 1987 Consumit
527 1939 634 1986 horas
648 1973 660 1992 ‚
680 1937 719 2003 δέ
737 1937 798 1984 die
818 1952 896 1984 tota
912 1935 1037 1983 sedet:

306 2015 518 2074 §oenaturit
537 2018 696 2061 Vacerra
710 2047 723 2069 ‚
746 2030 823 2060 non
845 2009 1030 2059 cacaturir,
