1716 2927
365 139 460 176 ‘220
624 133 689 179 M.
727 134 885 182 VAL.
916 136 1359 186 MARTIALJS

744 316 807 364 X.
842 320 997 365 Simila
1027 339 1081 366 ex
1106 322 1260 369 tritico-¹

363 411 448 500 N
450 467 500 498 Ec
517 453 657 516 poteris
674 454 799 502 fimilae
817 456 924 504 dotes
946 476 1159 519 numerare,
1177 480 1250 510 nec
1265 463 1347 511 usus
1363 473 1385 518 ξ

428 525 555 573 Pistori
574 528 685 576 toties
700 548 783 577 cum
800 530 842 578 fit
858 531 898 579 δι
916 549 1000 597 apta
1015 552 1130 583 coco·

813 682 892 728 XI.
926 683 1159 729 Hordeum.

366 780 575 871 Μυιιο
590 853 602 872 ,
620 819 723 883 quod
740 836 818 867 non
834 819 898 866 des
915 821 1075 869 tacituris
1087 857 1100 877 ‚
1119 821 1245 886 accipe
1260 856 1273 876 ‚
1292 823 1413 871 mufis,

424 894 515 938 Haec
533 909 607 957 ego
626 893 818 958 cauponi,
837 911 916 941 non
939 894 1027 952 tibi,
1046 895 1148 943 dona
1166 896 1268 943 dedi.

667 1054 766 1100 XII.
798 1056 1063 1100 Frumentum
1092 1055 1309 1100 triticeum⁹

364 1149 685 1238 TERCENTUM
700 1190 829 1255 Libyci
849 1190 999 1238 modios
1018 1191 1065 1238 de
1083 1191 1195 1238 meffe
1214 1189 1346 1239 coloni

428 1266 562 1320 Sume,
582 1264 804 1312 suburbanus
825 1284 872 1313 ne
890 1265 1067 1314 moriatur
1084 1283 1188 1331 ager.

849 1420 968 1467 XIII‘.
1003 1421 1131 1466 Betae.

365 1518 482 1606 UT
502 1555 641 1619 sapiant
656 1556 766 1603 fatuae
784 1556 970 1603 fabrorum
988 1555 1143 1620 prandia
1156 1555 1282 1607 betae‚‘

428 1634 466 1678 O
486 1649 596 1695 quam
614 1631 711 1695 saepe
729 1646 833 1694 petet
849 1630 933 1678 vina
951 1631 1138 1694 piperque
1158 1634 1295 1676 cocus!

815 1783 939 1829 XIV.
972 1780 1166 1826 Lafluca.

368 1883 646 1973 Cauneas
665 1936 751 1984 quae
768 1936 894 1966 coenas
910 1917 1049 1965 laffixca
1067 1916 1210 1963 solebat
1226 1932 1380 1962 avorum
1395 1922 1414 1969 ζΔ

430 1996 503 2044 Dic
519 1995 639 2051 mihi,
655 2012 720 2042 cur
741 1992 879 2041 nostras
898 1990 1049 2039 inchoat
1067 1989 1129 2037 illa
1146 1990 1286 2054 dapes?

768 2147 872 2194 XV.
905 2146 1043 2208 Ligna
1059 2163 1240 2206 acapna.

370 2251 441 2338 Sr
462 2286 581 2336 vicina
601 2286 667 2334 tibi
684 2289 879 2335 Nomento
900 2303 982 2333 rura
1001 2285 1173 2332 coluntur
1186 2319 1199 2339 ‚

434 2363 493 2409 Ad
508 2360 638 2411 villam·
651 2378 792 2409 moneo
805 2394 818 2414 ‚
833 2359 961 2407 rustice
976 2394 991 2414 ,
1005 2358 1106 2422 ligna
1125 2357 1234 2406 feras,v
