1716 2927
318 125 989 176 EPIGRAMMATUM
1023 129 1071 172 L.
1111 130 1239 175 VIIL

125 227 246 300 Terga
263 236 396 299 premit
415 235 561 300 pecoris
579 231 736 298 geminis
759 235 875 278 Amor
891 249 1022 278 aureus
1040 232 1131 278 alis:

190 310 369 358 Palladius
387 324 518 357 tenero
539 309 640 355 lotos
658 306 703 363 ab
721 324 787 353 ore
803 305 922 353 sonat.

123 382 186 429 'sic
202 383 459 449 Methymnaeo
479 381 620 448 gavisus
640 380 781 428 Arione
798 378 953 443 delphin

190 459 372 523 Languida
393 476 471 506 non
490 456 637 504 tacitum
655 473 721 520 per
741 454 834 502 freta
850 451 952 500 vexit
970 464 1078 498 onus.·

123 532 264 579 Imbuat
281 532 476 597 egregium
491 530 610 595 digno
629 527 719 576 mihi
738 526 886 576 nestare
903 543 1038 572 munus>

189 608 279 653 Non
295 624 410 671 grege
427 607 474 652 de
490 603 633 652 domini
649 641 662 659 ,
675 603 738 651 sed
759 618 820 649 tua
835 639 848 658 ‚
869 601 977 648 Ceste
989 636 1001 655 ‚
1022 613 1163 649 manu-si

124 680 257 733 Ceste,
277 680 389 727 decus
411 678 543 726 mensae
559 713 571 732 ‚
589 677 699 725 misce
716 676 865 724 Setina:
887 674 1032 723 videtur

189 752 268 815 Ipse
287 769 380 815 puer
398 752 506 798 nobis
521 787 534 805 ,
551 751 628 816 ipse
651 749 747 797 fitire
767 768 890 815 caper.

124 824 200 869 Det
222 839 412 882 numerum
432 824 571 887 cyathis
591 823 736 871 Instanti
755 823 861 870 litera
879 823 983 870 Rufi:

189 895 332 942 Auk‘sor
349 895 449 943 enim
467 897 557 943 tanti
575 896 735 942 muneris
751 895 816 942 ille
835 895 937 942 mihi.

124 965 162 1012 Si
182 966 380 1013 Telethusa
397 967 500 1014 venit
515 1002 527 1022 ‚
546 967 795 1032 promissaque
816 967 944 1032 gaudia
965 980 1113 1030 portate

193 1041 376 1088 Servabor
394 1041 559 1088 dominae
571 1077 583 1096 ,
599 1042 717 1098 Rufe,
738 1042 872 1089 triente
890 1057 969 1089 tuo.

124 1112 161 1161 Si
179 1113 286 1160 dubia
305 1112 354 1159 est
366 1151 379 1169 ‚
397 1112 574 1178 septunce
592 1113 733 1162 trahar:
751 1113 776 1160 fi
794 1114 889 1162 fallit
906 1127 1117 1168 amantemq·

187 1190 240 1234 Ut
255 1187 419 1252 jugulem
435 1207 537 1236 curas
550 1225 563 1245 ‚
583 1207 724 1237 nomen
741 1205 938 1254 utrumque
952 1188 1092 1239 bibam,

508 1374 598 1422 LII.
633 1377 714 1421 Ad
731 1377 1018 1425 Ceditianumf..

131 1493 419 1581 Towsonm
437 1549 591 1597 puerum
605 1568 616 1586 ,
637 1533 699 1580 sed
715 1548 792 1580 arte
809 1533 918 1581 talem
932 1547 962 1589 ς.

124 1608 258 1669 Qualis
278 1626 345 1653 nec
360 1607 552 1654 Thalamus
570 1607 638 1654 fuit
655 1607 819 1654 Neronis
833 1643 847 1665 ‚

121 1682 329 1730 Drusorum
347 1682 406 1728 cui
423 1682 618 1747 contigere
636 1682 760 1729 barbae
775 1715 790 1736 ‚

126 1755 334 1818 AEquandas
354 1755 465 1801 semel
483 1754 520 1800 in
541 1772 654 1818 genas
673 1759 822 1820 rogatus
835 1756 862 1810 ,ζ’

124 1828 224 1874 Rufo
239 1863 251 1880 ,
271 1826 468 1874 Ceditiane
481 1862 493 1881 ‚
512 1827 762 1874 commodavi.

129 1903 227 1947 Dum
245 1901 354 1963 jussus
371 1899 508 1965 repetit
525 1900 625 1964 pilos
643 1900 795 1946 eosdem
810 1936 826 1955 ‚

129 1974 294 2020 Censura
315 1972 453 2037 speculi
470 1991 618 2024 manum
634 1986 788 2036 regente
802 2005 815 2024 ‚

131 2048 380 2112 Expingitque
397 2064 517 2095 cutem
533 2083 545 2101 ‚
564 2046 726 2111 facitque
743 2046 916 2112 longamz

129 2119 303 2167 Detonsis
321 2119 584 2184 epaphaerefim
603 2118 774 2183 capillis3

128 2193 297 2241 Barbatus
313 2192 402 2241 mihi
419 2194 549 2242 tonsor
566 2193 616 2240 est
631 2192 814 2240 reversus-

1348 763 1407 793 20

1346 1130 1400 1176 ²5

1350 2204 1409 2238 ΠΟ
