1716 2927
333 138 1153 192 SUPPOSITITIA.

557 327 617 374 V.
651 328 723 373 De
748 325 924 381 Milyae.

133 437 310 527 Muo
327 473 431 523 domi
453 492 531 522 non
548 473 618 522 est:
639 491 796 539 peregre
813 470 968 519 Milone
985 469 1158 534 profeClo

192 555 291 598 Arva
307 567 455 597 vacant:
472 568 569 597 uxor
585 567 663 596 non
681 547 798 594 minus
815 545 901 592 inde
921 545 1023 609 parit.

130 626 208 670 Cur
227 622 269 667 fit
287 639 376 683 ager
392 620 519 667 sterilis
532 656 545 675 ‚
563 638 628 666 cur
648 637 745 665 uxor
762 615 893 664 fertilis
911 653 924 672 ‚
941 616 1046 662 edam
1058 635 1071 660 ε

196 699 289 758 Quo
315 694 584 758 fodiatur.ager
602 711 680 741 non
699 692 807 739 habet
821 727 835 748 ‚
850 707 948 737 uxor
967 689 1088 736 habeta

467 883 546 928 VI.
582 883 656 926 De
683 863 903 943 histrionis
916 891 1060 938 paena.

134 994 305 1083 Am
325 1030 426 1079 lovis
444 1031 590 1077 statuam
609 1027 755 1093 crepuit
772 1028 868 1075 satur
887 1026 1039 1075 histrio:
1059 1040 1208 1090 poenam

194 1102 360 1168 luppiter
379 1102 538 1158 indixit,
554 1101 683 1150 vivere
700 1102 750 1148 de
769 1101 942 1166 proprio.

542 1289 640 1335 VII.
673 1290 728 1333 In
753 1284 979 1350 ffontemi

137 1399 252 1488 Os
271 1436 363 1484 atavi
381 1473 393 1491 ‚
413 1436 524 1501 patris
542 1436 665 1483 nasum
679 1472 690 1490 ‚
712 1437 788 1483 duo
807 1433 943 1482 lumina
963 1433 1099 1499 patris}

178 1552 181 1555 .
200 1512 246 1554 Et
263 1507 384 1554 matris
404 1510 522 1572 gestus
543 1507 633 1553 dicis
651 1507 788 1554 habere
806 1523 890 1554 tuae.

137 1582 236 1627 Cum
255 1581 391 1627 referas
410 1581 552 1644 priscos
567 1615 578 1634 ,
598 1581 810 1643 nullamque
830 1579 869 1625 in
890 1596 1052 1641 corpore
1074 1591 1214 1640 partem

197 1651 397 1708 Mentiri53
412 1652 570 1699 frontem
586 1687 600 1707 ‚
619 1651 679 1698 dic
697 1651 787 1698 mihi
801 1685 814 1706 ‚
834 1650 937 1713 cujus
959 1649 1097 1695 habes?

531 1828 647 1873 VIII.
680 1829 762 1872 Ad
795 1827 998 1873 Mattums

233 1980 269 2027 ui
286 1994 394 2045 negat
414 1980 487 2028 effe
504 1979 608 2028 domi
630 1981 681 2035 se,
700 1996 787 2028 tunc
807 1999 889 2028 cum
907 1979 1035 2028 limina
1052 1979 1172 2045 pulsas
1180 1991 1198 2043 ,‘

204 2055 310 2118 Quid
328 2055 425 2102 dicat
440 2089 454 2121 ²
473 2054 588 2103 nescis
603 2060 617 2102 ἓ
633 2053 795 2103 Dormio
810 2089 824 2121 2
840 2056 961 2102 Matte
973 2088 987 2108 ‚
1001 2052 1082 2104 tibi.

1314 137 1405 186 281
