<?xml version="1.0" encoding="UTF-8"?>
<!DOCTYPE html PUBLIC "-//W3C//DTD XHTML 1.0 Transitional//EN"
    "http://www.w3.org/TR/xhtml1/DTD/xhtml1-transitional.dtd">
<html xmlns="http://www.w3.org/1999/xhtml" xml:lang="en" lang="en">
 <head>
  <title>
</title>
<meta http-equiv="Content-Type" content="text/html;charset=utf-8" />
  <meta name='ocr-system' content='tesseract 3.04.00' />
  <meta name='ocr-capabilities' content='ocr_page ocr_carea ocr_par ocr_line ocrx_word'/>
</head>
<body>
  <div class='ocr_page' id='page_1' title='image "./epigrammataadopt00martuoft_0575.png"; bbox 0 0 1716 2927; ppageno 0'>
   <div class='ocr_carea' id='block_1_1' title="bbox 268 109 1205 162">
    <p class='ocr_par' dir='ltr' id='par_1_1' title="bbox 268 109 1205 162">
     <span class='ocr_line' id='line_1_1' title="bbox 268 109 1205 162; baseline 0.001 -2"><span class='ocrx_word' id='word_1_1' title='bbox 268 109 956 160; x_wconf 81' lang='lat' dir='ltr'><em>&#39;EPIGRAMMATUM</em></span> <span class='ocrx_word' id='word_1_2' title='bbox 985 112 1035 159; x_wconf 92' lang='lat' dir='ltr'>L.</span> <span class='ocrx_word' id='word_1_3' title='bbox 1069 113 1205 162; x_wconf 84' lang='lat' dir='ltr'><em>XIV.</em></span> 
     </span>
    </p>
   </div>
   <div class='ocr_carea' id='block_1_2' title="bbox 501 288 960 349">
    <p class='ocr_par' dir='ltr' id='par_1_2' title="bbox 501 288 960 349">
     <span class='ocr_line' id='line_1_2' title="bbox 501 288 960 349; baseline 0 -14"><span class='ocrx_word' id='word_1_4' title='bbox 501 288 619 336; x_wconf 79' lang='lat' dir='ltr'>XIII.</span> <span class='ocrx_word' id='word_1_5' title='bbox 654 288 801 335; x_wconf 86' lang='lat' dir='ltr'><em>Loculi</em></span> <span class='ocrx_word' id='word_1_6' title='bbox 818 289 960 349; x_wconf 81' lang='lat' dir='ltr'><em>lignei.</em></span> 
     </span>
    </p>
   </div>
   <div class='ocr_carea' id='block_1_3' title="bbox 112 387 1080 563">
    <p class='ocr_par' dir='ltr' id='par_1_3' title="bbox 112 387 1080 563">
     <span class='ocr_line' id='line_1_3' title="bbox 112 387 1080 489; baseline -0.004 -14"><span class='ocrx_word' id='word_1_7' title='bbox 112 387 183 475; x_wconf 80' lang='lat' dir='ltr'>SI</span> <span class='ocrx_word' id='word_1_8' title='bbox 203 425 292 488; x_wconf 79' lang='lat' dir='ltr'>quid</span> <span class='ocrx_word' id='word_1_9' title='bbox 311 425 429 472; x_wconf 83' lang='lat' dir='ltr'>adhuc</span> <span class='ocrx_word' id='word_1_10' title='bbox 448 426 607 489; x_wconf 85' lang='lat' dir='ltr'>superest</span> <span class='ocrx_word' id='word_1_11' title='bbox 623 425 659 472; x_wconf 75' lang='lat' dir='ltr'>in</span> <span class='ocrx_word' id='word_1_12' title='bbox 680 425 792 473; x_wconf 76' lang='lat' dir='ltr'>nostri</span> <span class='ocrx_word' id='word_1_13' title='bbox 811 425 904 472; x_wconf 82' lang='lat' dir='ltr'>faece</span> <span class='ocrx_word' id='word_1_14' title='bbox 922 424 1080 484; x_wconf 81' lang='lat' dir='ltr'>locelli,</span> 
     </span>
     <span class='ocr_line' id='line_1_4' title="bbox 175 496 1021 563; baseline 0.002 -20"><span class='ocrx_word' id='word_1_15' title='bbox 175 500 315 543; x_wconf 83' lang='lat' dir='ltr'><strong>Munus</strong></span> <span class='ocrx_word' id='word_1_16' title='bbox 335 499 405 545; x_wconf 86' lang='lat' dir='ltr'>erit</span> <span class='ocrx_word' id='word_1_17' title='bbox 423 519 431 544; x_wconf 74' lang='grc' dir='ltr'><strong><em>ε</em></strong></span> <span class='ocrx_word' id='word_1_18' title='bbox 456 498 546 545; x_wconf 82' lang='lat' dir='ltr'>nihil</span> <span class='ocrx_word' id='word_1_19' title='bbox 565 499 615 546; x_wconf 91' lang='lat' dir='ltr'>est</span> <span class='ocrx_word' id='word_1_20' title='bbox 631 533 644 554; x_wconf 84' lang='lat'>,</span> <span class='ocrx_word' id='word_1_21' title='bbox 666 499 743 563; x_wconf 88' lang='lat' dir='ltr'>ipse</span> <span class='ocrx_word' id='word_1_22' title='bbox 761 497 919 546; x_wconf 83' lang='lat' dir='ltr'><strong>locellus</strong></span> <span class='ocrx_word' id='word_1_23' title='bbox 936 496 1021 545; x_wconf 84' lang='lat' dir='ltr'><strong>erit.</strong></span> 
     </span>
    </p>
   </div>
   <div class='ocr_carea' id='block_1_4' title="bbox 524 628 936 701">
    <p class='ocr_par' dir='ltr' id='par_1_4' title="bbox 524 628 936 701">
     <span class='ocr_line' id='line_1_5' title="bbox 524 628 936 701; baseline 0.007 -4"><span class='ocrx_word' id='word_1_24' title='bbox 524 628 650 699; x_wconf 84' lang='lat' dir='ltr'>XIV.</span> <span class='ocrx_word' id='word_1_25' title='bbox 676 653 774 698; x_wconf 79' lang='lat' dir='ltr'><em>Tali</em></span> <span class='ocrx_word' id='word_1_26' title='bbox 791 655 936 701; x_wconf 80' lang='lat' dir='ltr'><em>eborei.</em></span> 
     </span>
    </p>
   </div>
   <div class='ocr_carea' id='block_1_5' title="bbox 113 742 1061 922">
    <p class='ocr_par' dir='ltr' id='par_1_5' title="bbox 113 742 1061 922">
     <span class='ocr_line' id='line_1_6' title="bbox 113 742 1061 842; baseline 0.008 -15"><span class='ocrx_word' id='word_1_27' title='bbox 113 742 264 832; x_wconf 87' lang='lat' dir='ltr'>CUM</span> <span class='ocrx_word' id='word_1_28' title='bbox 284 781 420 829; x_wconf 71' lang='lat' dir='ltr'>steterit</span> <span class='ocrx_word' id='word_1_29' title='bbox 439 784 559 830; x_wconf 85' lang='lat' dir='ltr'>nullus</span> <span class='ocrx_word' id='word_1_30' title='bbox 578 785 682 832; x_wconf 85' lang='lat' dir='ltr'><strong>vultu</strong></span> <span class='ocrx_word' id='word_1_31' title='bbox 703 785 768 833; x_wconf 77' lang='lat' dir='ltr'>tibi</span> <span class='ocrx_word' id='word_1_32' title='bbox 787 786 879 832; x_wconf 81' lang='lat' dir='ltr'>talus</span> <span class='ocrx_word' id='word_1_33' title='bbox 898 786 1061 842; x_wconf 77' lang='lat' dir='ltr'>eodesn,</span> 
     </span>
     <span class='ocr_line' id='line_1_7' title="bbox 176 856 1000 922; baseline 0.006 -20"><span class='ocrx_word' id='word_1_34' title='bbox 176 859 337 904; x_wconf 86' lang='lat' dir='ltr'>Munera</span> <span class='ocrx_word' id='word_1_35' title='bbox 355 875 415 905; x_wconf 88' lang='lat' dir='ltr'>me</span> <span class='ocrx_word' id='word_1_36' title='bbox 431 856 532 905; x_wconf 82' lang='lat' dir='ltr'>dices</span> <span class='ocrx_word' id='word_1_37' title='bbox 551 876 680 922; x_wconf 84' lang='lat' dir='ltr'>magna</span> <span class='ocrx_word' id='word_1_38' title='bbox 699 858 837 906; x_wconf 83' lang='lat' dir='ltr'>dediffe</span> <span class='ocrx_word' id='word_1_39' title='bbox 855 859 937 907; x_wconf 82' lang='lat' dir='ltr'>tibi.</span> <span class='ocrx_word' id='word_1_40' title='bbox 996 887 1000 889; x_wconf 22' lang='grc' dir='ltr'><strong><em>Δ</em></strong></span> 
     </span>
    </p>
   </div>
   <div class='ocr_carea' id='block_1_6' title="bbox 573 1024 886 1073">
    <p class='ocr_par' dir='ltr' id='par_1_6' title="bbox 573 1024 886 1073">
     <span class='ocr_line' id='line_1_8' title="bbox 573 1024 886 1073; baseline 0.006 -2"><span class='ocrx_word' id='word_1_41' title='bbox 573 1024 677 1071; x_wconf 90' lang='lat' dir='ltr'>XV.</span> <span class='ocrx_word' id='word_1_42' title='bbox 715 1026 770 1070; x_wconf 83' lang='lat' dir='ltr'>Te</span> <span class='ocrx_word' id='word_1_43' title='bbox 803 1044 886 1073; x_wconf 68' lang='lat' dir='ltr'>era·</span> 
     </span>
    </p>
   </div>
   <div class='ocr_carea' id='block_1_7' title="bbox 111 1117 1111 1295">
    <p class='ocr_par' dir='ltr' id='par_1_7' title="bbox 111 1117 1111 1295">
     <span class='ocr_line' id='line_1_9' title="bbox 111 1117 1111 1221; baseline -0.001 -16"><span class='ocrx_word' id='word_1_44' title='bbox 111 1117 259 1205; x_wconf 66' lang='lat' dir='ltr'>Non</span> <span class='ocrx_word' id='word_1_45' title='bbox 277 1155 338 1202; x_wconf 82' lang='lat' dir='ltr'>fim</span> <span class='ocrx_word' id='word_1_46' title='bbox 357 1156 515 1203; x_wconf 78' lang='lat' dir='ltr'>talorum</span> <span class='ocrx_word' id='word_1_47' title='bbox 535 1175 691 1204; x_wconf 87' lang='lat' dir='ltr'>numero</span> <span class='ocrx_word' id='word_1_48' title='bbox 708 1176 772 1221; x_wconf 84' lang='lat' dir='ltr'>par</span> <span class='ocrx_word' id='word_1_49' title='bbox 790 1158 920 1205; x_wconf 82' lang='lat' dir='ltr'>teffera</span> <span class='ocrx_word' id='word_1_50' title='bbox 933 1194 947 1214; x_wconf 88' lang='lat'>,</span> <span class='ocrx_word' id='word_1_51' title='bbox 965 1160 1051 1206; x_wconf 87' lang='lat' dir='ltr'>dum</span> <span class='ocrx_word' id='word_1_52' title='bbox 1069 1158 1111 1205; x_wconf 80' lang='lat' dir='ltr'>fit</span> 
     </span>
     <span class='ocr_line' id='line_1_10' title="bbox 176 1229 923 1295; baseline 0.009 -21"><span class='ocrx_word' id='word_1_53' title='bbox 176 1229 305 1292; x_wconf 75' lang='lat' dir='ltr'>Major</span> <span class='ocrx_word' id='word_1_54' title='bbox 319 1263 332 1284; x_wconf 88' lang='lat'>‚</span> <span class='ocrx_word' id='word_1_55' title='bbox 351 1246 460 1292; x_wconf 86' lang='lat' dir='ltr'>quam</span> <span class='ocrx_word' id='word_1_56' title='bbox 478 1229 559 1276; x_wconf 84' lang='lat' dir='ltr'>talis</span> <span class='ocrx_word' id='word_1_57' title='bbox 573 1265 586 1284; x_wconf 80' lang='grc'><em>,</em></span> <span class='ocrx_word' id='word_1_58' title='bbox 605 1231 683 1278; x_wconf 87' lang='lat' dir='ltr'>alea</span> <span class='ocrx_word' id='word_1_59' title='bbox 702 1230 801 1295; x_wconf 85' lang='lat' dir='ltr'><strong>saepe</strong></span> <span class='ocrx_word' id='word_1_60' title='bbox 819 1230 923 1281; x_wconf 82' lang='lat' dir='ltr'>mihi.</span> 
     </span>
    </p>
   </div>
   <div class='ocr_carea' id='block_1_8' title="bbox 508 1387 906 1435">
    <p class='ocr_par' dir='ltr' id='par_1_8' title="bbox 508 1387 906 1435">
     <span class='ocr_line' id='line_1_11' title="bbox 508 1387 906 1435; baseline 0.003 -2"><span class='ocrx_word' id='word_1_61' title='bbox 508 1387 635 1435; x_wconf 92' lang='lat' dir='ltr'><strong>XVI.</strong></span> <span class='ocrx_word' id='word_1_62' title='bbox 672 1388 906 1435; x_wconf 75' lang='lat' dir='ltr'><em>Turricula.</em></span> 
     </span>
    </p>
   </div>
   <div class='ocr_carea' id='block_1_9' title="bbox 113 1480 1240 1588">
    <p class='ocr_par' dir='ltr' id='par_1_9' title="bbox 113 1480 1240 1588">
     <span class='ocr_line' id='line_1_12' title="bbox 113 1480 1240 1588; baseline 0.005 -25"><span class='ocrx_word' id='word_1_63' title='bbox 113 1480 280 1588; x_wconf 77' lang='lat' dir='ltr'>QUAE</span> <span class='ocrx_word' id='word_1_64' title='bbox 301 1518 365 1565; x_wconf 83' lang='lat' dir='ltr'>scit</span> <span class='ocrx_word' id='word_1_65' title='bbox 384 1518 614 1584; x_wconf 87' lang='lat' dir='ltr'>compofitos</span> <span class='ocrx_word' id='word_1_66' title='bbox 632 1538 758 1568; x_wconf 85' lang='lat' dir='ltr'>manus</span> <span class='ocrx_word' id='word_1_67' title='bbox 773 1522 944 1586; x_wconf 84' lang='lat' dir='ltr'>improba</span> <span class='ocrx_word' id='word_1_68' title='bbox 963 1521 1108 1571; x_wconf 82' lang='lat' dir='ltr'>mittere</span> <span class='ocrx_word' id='word_1_69' title='bbox 1123 1522 1240 1578; x_wconf 75' lang='lat' dir='ltr'>talos,</span> 
     </span>
    </p>
   </div>
   <div class='ocr_carea' id='block_1_10' title="bbox 174 1592 894 1657">
    <p class='ocr_par' dir='ltr' id='par_1_10' title="bbox 174 1592 894 1657">
     <span class='ocr_line' id='line_1_13' title="bbox 174 1592 894 1657; baseline 0.007 -20"><span class='ocrx_word' id='word_1_70' title='bbox 174 1592 216 1637; x_wconf 77' lang='lat' dir='ltr'>si</span> <span class='ocrx_word' id='word_1_71' title='bbox 232 1611 300 1657; x_wconf 84' lang='lat' dir='ltr'>pet</span> <span class='ocrx_word' id='word_1_72' title='bbox 318 1610 377 1639; x_wconf 88' lang='lat' dir='ltr'>me</span> <span class='ocrx_word' id='word_1_73' title='bbox 394 1592 510 1648; x_wconf 87' lang='lat' dir='ltr'><strong>mifit,</strong></span> <span class='ocrx_word' id='word_1_74' title='bbox 532 1593 584 1640; x_wconf 82' lang='lat' dir='ltr'>nil</span> <span class='ocrx_word' id='word_1_75' title='bbox 604 1594 668 1642; x_wconf 84' lang='lat' dir='ltr'>nifi</span> <span class='ocrx_word' id='word_1_76' title='bbox 685 1613 775 1643; x_wconf 87' lang='lat' dir='ltr'>vota</span> <span class='ocrx_word' id='word_1_77' title='bbox 793 1596 894 1643; x_wconf 81' lang='lat' dir='ltr'><strong>facit.</strong></span> 
     </span>
    </p>
   </div>
   <div class='ocr_carea' id='block_1_11' title="bbox 471 1758 1012 1816">
    <p class='ocr_par' dir='ltr' id='par_1_11' title="bbox 471 1758 1012 1816">
     <span class='ocr_line' id='line_1_14' title="bbox 471 1758 1012 1816; baseline -0.006 -11"><span class='ocrx_word' id='word_1_78' title='bbox 471 1759 614 1806; x_wconf 86' lang='lat' dir='ltr'><strong>XVII.</strong></span> <span class='ocrx_word' id='word_1_79' title='bbox 653 1760 818 1804; x_wconf 82' lang='lat' dir='ltr'><em>Tabula</em></span> <span class='ocrx_word' id='word_1_80' title='bbox 842 1758 1012 1816; x_wconf 81' lang='lat' dir='ltr'><em>lusoria.</em></span> 
     </span>
    </p>
   </div>
   <div class='ocr_carea' id='block_1_12' title="bbox 116 1853 1104 1953">
    <p class='ocr_par' dir='ltr' id='par_1_12' title="bbox 116 1853 1104 1953">
     <span class='ocr_line' id='line_1_15' title="bbox 116 1853 1104 1953; baseline -0.001 -17"><span class='ocrx_word' id='word_1_81' title='bbox 116 1853 262 1941; x_wconf 80' lang='lat' dir='ltr'>Hm</span> <span class='ocrx_word' id='word_1_82' title='bbox 279 1889 366 1936; x_wconf 79' lang='lat' dir='ltr'>mihi</span> <span class='ocrx_word' id='word_1_83' title='bbox 383 1890 438 1937; x_wconf 81' lang='lat' dir='ltr'>bis</span> <span class='ocrx_word' id='word_1_84' title='bbox 456 1889 548 1936; x_wconf 87' lang='lat' dir='ltr'><strong>seno</strong></span> <span class='ocrx_word' id='word_1_85' title='bbox 567 1905 776 1936; x_wconf 83' lang='lat' dir='ltr'>numeratur</span> <span class='ocrx_word' id='word_1_86' title='bbox 794 1889 921 1936; x_wconf 73' lang='lat' dir='ltr'>tessera</span> <span class='ocrx_word' id='word_1_87' title='bbox 940 1889 1104 1953; x_wconf 71' lang='grc' dir='ltr'>ριιηᾶοι</span> 
     </span>
    </p>
   </div>
   <div class='ocr_carea' id='block_1_13' title="bbox 183 1960 1052 2028">
    <p class='ocr_par' dir='ltr' id='par_1_13' title="bbox 183 1960 1052 2028">
     <span class='ocr_line' id='line_1_16' title="bbox 183 1960 1052 2028; baseline 0 -18"><span class='ocrx_word' id='word_1_88' title='bbox 183 1963 358 2012; x_wconf 80' lang='lat' dir='ltr'>Calculus</span> <span class='ocrx_word' id='word_1_89' title='bbox 378 1963 436 2009; x_wconf 87' lang='lat' dir='ltr'>hic</span> <span class='ocrx_word' id='word_1_90' title='bbox 457 1962 610 2028; x_wconf 80' lang='lat' dir='ltr'>gemino</span> <span class='ocrx_word' id='word_1_91' title='bbox 630 1961 798 2009; x_wconf 81' lang='lat' dir='ltr'>discolor</span> <span class='ocrx_word' id='word_1_92' title='bbox 817 1961 920 2008; x_wconf 90' lang='lat' dir='ltr'>hoste</span> <span class='ocrx_word' id='word_1_93' title='bbox 940 1960 1052 2027; x_wconf 81' lang='lat' dir='ltr'><strong>perit.</strong></span> 
     </span>
    </p>
   </div>
   <div class='ocr_carea' id='block_1_14' title="bbox 549 2125 903 2171">
    <p class='ocr_par' dir='ltr' id='par_1_14' title="bbox 549 2125 903 2171">
     <span class='ocr_line' id='line_1_17' title="bbox 549 2125 903 2171; baseline -0.003 0"><span class='ocrx_word' id='word_1_94' title='bbox 549 2125 715 2171; x_wconf 85' lang='lat' dir='ltr'>XV111.</span> <span class='ocrx_word' id='word_1_95' title='bbox 749 2126 903 2170; x_wconf 71' lang='lat' dir='ltr'><em>Nuces.</em></span> 
     </span>
    </p>
   </div>
   <div class='ocr_carea' id='block_1_15' title="bbox 125 2223 1141 2396">
    <p class='ocr_par' dir='ltr' id='par_1_15' title="bbox 125 2223 1141 2396">
     <span class='ocr_line' id='line_1_18' title="bbox 125 2223 1141 2324; baseline -0.003 -18"><span class='ocrx_word' id='word_1_96' title='bbox 125 2223 294 2312; x_wconf 68' lang='lat' dir='ltr'>ALEA</span> <span class='ocrx_word' id='word_1_97' title='bbox 315 2278 425 2324; x_wconf 80' lang='lat' dir='ltr'>parva</span> <span class='ocrx_word' id='word_1_98' title='bbox 443 2278 555 2308; x_wconf 87' lang='lat' dir='ltr'>nuces</span> <span class='ocrx_word' id='word_1_99' title='bbox 570 2297 583 2315; x_wconf 88' lang='lat'>‚</span> <span class='ocrx_word' id='word_1_100' title='bbox 603 2259 642 2306; x_wconf 68' lang='grc' dir='ltr'>ἃ</span> <span class='ocrx_word' id='word_1_101' title='bbox 662 2278 737 2306; x_wconf 87' lang='lat' dir='ltr'>non</span> <span class='ocrx_word' id='word_1_102' title='bbox 758 2258 929 2305; x_wconf 79' lang='lat' dir='ltr'>damnosa</span> <span class='ocrx_word' id='word_1_103' title='bbox 948 2256 1141 2304; x_wconf 70' lang='lat' dir='ltr'>videntur:</span> 
     </span>
     <span class='ocr_line' id='line_1_19' title="bbox 188 2330 956 2396; baseline -0.003 -19"><span class='ocrx_word' id='word_1_104' title='bbox 188 2335 298 2395; x_wconf 80' lang='lat' dir='ltr'>Saepe</span> <span class='ocrx_word' id='word_1_105' title='bbox 320 2347 440 2379; x_wconf 84' lang='lat' dir='ltr'>tamen</span> <span class='ocrx_word' id='word_1_106' title='bbox 460 2331 583 2396; x_wconf 80' lang='lat' dir='ltr'>puetis</span> <span class='ocrx_word' id='word_1_107' title='bbox 602 2331 744 2379; x_wconf 79' lang='lat' dir='ltr'>abstulit</span> <span class='ocrx_word' id='word_1_108' title='bbox 763 2330 825 2378; x_wconf 80' lang='lat' dir='ltr'>illa</span> <span class='ocrx_word' id='word_1_109' title='bbox 844 2345 956 2377; x_wconf 82' lang='lat' dir='ltr'><strong>nates.</strong></span> 
     </span>
    </p>
   </div>
   <div class='ocr_carea' id='block_1_16' title="bbox 997 2394 1098 2452">
    <p class='ocr_par' dir='ltr' id='par_1_16' title="bbox 997 2394 1098 2452">
     <span class='ocr_line' id='line_1_20' title="bbox 997 2394 1098 2452; baseline 0 -14"><span class='ocrx_word' id='word_1_110' title='bbox 997 2394 1098 2452; x_wconf 68' lang='lat'>(22</span> 
     </span>
    </p>
   </div>
   <div class='ocr_carea' id='block_1_17' title="bbox 1303 127 1393 177">
    <p class='ocr_par' dir='ltr' id='par_1_17' title="bbox 1303 127 1393 177">
     <span class='ocr_line' id='line_1_21' title="bbox 1303 127 1393 177; baseline 0.033 -3"><span class='ocrx_word' id='word_1_111' title='bbox 1303 127 1393 177; x_wconf 76' lang='lat'>243</span> 
     </span>
    </p>
   </div>
  </div>
 </body>
</html>
