1716 2927
372 152 465 200 ³94
627 138 694 182 M.
735 139 899 184 VAL.
935 139 1050 184 MA
1070 140 1112 184 R
1133 140 1398 190 TIALJS

690 318 852 368 XL-IV.
886 320 967 365 Ad
994 319 1060 365 M.
1093 320 1297 365 Unicum.

371 437 560 527 Umcz
576 513 588 532 ‚
606 494 771 543 cognato
795 479 958 539 junRum
977 477 1066 526 mihi
1085 478 1262 544 sanguine
1278 497 1443 527 nomen:

434 552 587 616 Quique
605 553 700 617 geris
719 553 839 600 studiis
860 555 974 600 corda
993 553 1207 618 propinqua
1226 553 1342 601 meis:

367 626 543 672 Carmina
565 644 645 671 cum
665 626 773 673 facias
793 627 863 674 soli
884 627 1052 674 cedentia
1069 627 1195 682 fratri,

433 700 589 748 Ρεξὶοῑε
610 720 688 747 non
707 701 830 749 minor
850 721 888 748 es
903 739 916 757 ‚
933 701 996 748 sed
1015 701 1149 766 pietate
1170 701 1291 765 prior.

368 773 498 821 Lesbia
516 792 597 820 cum
616 790 747 821 tenero
767 790 803 821 te
825 775 946 837 poffet
961 783 1081 821 amare
1101 775 1252 822 Catullo
1267 810 1282 831 ,

434 850 491 894 Te
509 849 590 911 post
607 849 795 897 Nasonem
814 850 948 897 blanda
966 850 1135 897 Corinna
1152 850 1269 914 sequi.

368 925 452 968 Nec
472 924 622 969 deerant
639 924 828 988 Zephyri,
846 924 870 970 s1
890 942 926 971 te
942 924 1029 971 dare
1048 925 1128 972 vela
1143 925 1308 987 juvaret:

435 996 509 1042 Sed
528 1012 566 1042 tu
584 996 668 1043 litus
686 1016 792 1046 amas,
811 998 886 1044 hoc
903 1016 1057 1062 quoque
1074 997 1193 1044 fratris
1211 996 1334 1044 habe-50

765 1178 908 1224 XLV.
941 1181 987 1223 A
990 1181 1021 1223 d
1047 1178 1262 1224 Plzaebum.

377 1289 625 1379 HOEDINA
643 1327 707 1374 tibi
726 1328 827 1392 pelle
846 1328 1062 1394 contegenti

374 1403 497 1448 Nudae
514 1418 682 1466 tempora
700 1401 952 1466 verticemque
971 1403 1085 1449 calvae
1099 1438 1112 1458 ‚

376 1476 518 1521 Fest³ve
536 1474 600 1521 tibi
613 1511 625 1529 ‚
644 1475 784 1521 Phoebe
798 1511 811 1528 ‚
827 1475 919 1522 dixit
936 1475 999 1522 ille
1014 1511 1028 1530 ‚

379 1545 458 1606 Qui
478 1545 569 1592 dixit
586 1561 693 1610 caput
710 1545 782 1593 effe
805 1547 1019 1593 calceatum.

736 1731 895 1778 XLVI.
930 1734 1011 1777 Ad
1037 1731 1271 1796 Clafficutn.

382 1832 645 1920 xsENDuNT
665 1870 819 1917 carmina
838 1870 965 1917 Gallus
979 1905 991 1924 ‚
1014 1868 1053 1917 &
1072 1873 1272 1935 Lupercus,

387 1947 505 1992 Sanos
517 1980 530 2000 ‚
549 1943 700 1992 Claffice
715 1980 727 2000 ,
746 1963 843 1992 nunc
862 1963 955 2010 nega
976 1959 1119 2009 poetas,
