1716 2927
374 171 468 216 244
634 159 701 202 M.
742 159 844 201 VA
862 158 908 203 L.
945 156 1389 206 MARTIALIS

374 266 438 311 Fas
459 263 585 323 audire
603 264 713 324 'jocos
729 301 740 318 ‚
760 265 976 327 levioraque
996 263 1154 309 carmina
1172 300 1183 316 ‚
1204 264 1351 329 Caesar,
1400 270 1407 273 Χ

438 340 485 384 Et
503 337 591 384 tibi:
615 337 640 383 st
658 337 753 384 lusus
773 337 851 403 ipse
868 338 1072 402 triumphus
1092 353 1197 386 amat.

798 527 874 573 IX.
912 529 984 573 De
1007 527 1199 588 Cascelio.

374 639 524 727 CUM
542 677 730 741 sexaginta
754 695 920 725 numeret
941 677 1130 725 Cascelius
1150 697 1268 724 annos
1284 714 1295 729 ..

438 749 653 813 Ingeniosus
671 749 788 797 homo
811 751 887 797 est:
908 750 1059 814 quando
1082 750 1349 798 disertusetit?

835 936 897 1003 X.
930 936 983 980 In
1007 937 1149 982 Olum.

378 1053 691 1140 PAEmCATUR
710 1097 801 1141 Eros
815 1129 826 1147 ‚
844 1094 945 1141 fellat
962 1095 1072 1140 Linus
1089 1115 1097 1139 :
1117 1093 1191 1140 ote
1205 1131 1216 1149 ‚
1234 1094 1321 1158 quid
1338 1096 1380 1142 ad
1401 1112 1435 1142 te
1450 1132 1462 1151 ,

445 1169 501 1210 De
525 1184 606 1212 cute
627 1166 714 1230 quid
734 1165 841 1212 faciat
861 1166 925 1212 ille
941 1202 953 1220 ,
973 1167 1033 1214 vel
1051 1166 1115 1212 ille
1130 1202 1142 1220 ,
1159 1167 1244 1212 sua?
1295 1172 1298 1174 ’

377 1237 559 1283 Centenis
580 1239 686 1285 futuit
706 1239 837 1285 Matho
862 1239 1044 1286 millibus:
1069 1240 1169 1293 Ole,
1189 1238 1276 1302 quid
1294 1239 1338 1285 ad
1357 1247 1419 1287 te?

442 1315 533 1358 Non
551 1327 588 1358 tu
609 1329 810 1376 propterea
826 1348 838 1366 ‚
859 1313 922 1359 sed
941 1313 1075 1359 Matho
1095 1332 1234 1377 pauper
1254 1315 1337 1360 erit.

376 1387 418 1430 ln
438 1384 556 1430 lucem
579 1401 700 1431 coenat
720 1384 926 1432 Sertorius:
948 1386 1048 1439 Οἱς,
1069 1385 1157 1449 quid
1175 1387 1218 1433 ad
1240 1393 1305 1432 te?

444 1459 538 1502 Cum
556 1456 668 1503 liceat
688 1472 767 1503 tota
787 1457 936 1504 stertere
957 1458 1066 1504 nocie
1083 1457 1163 1504 tibi.

378 1531 620 1595 Septingenta
639 1532 728 1577 Tito
748 1532 859 1578 debet
877 1535 1020 1596 Lupusz
1041 1532 1116 1579 Ole
1130 1569 1142 1587 ‚
1160 1532 1247 1596 quid
1265 1532 1310 1578 ad
1329 1539 1394 1578 te?

445 1605 564 1650 Affem
587 1623 632 1650 ne
653 1606 822 1658 dederis,
845 1606 1092 1652 crediderisve
1109 1610 1230 1669 Lupo.

375 1677 470 1723 lllud
490 1677 682 1723 diffimulas
699 1712 711 1730 ,
731 1678 775 1722 ad
795 1695 831 1723 te
853 1679 956 1739 quod
978 1678 1167 1741 pertinet,
1189 1678 1290 1732 Ole,

443 1753 635 1814 Quodque
653 1751 767 1815 magis
789 1770 884 1797 curae
904 1752 1083 1798 convenit
1102 1753 1174 1798 effe
1191 1768 1278 1800 tuae.

380 1828 452 1871 Pro
474 1825 603 1886 togula
620 1825 756 1870 debes:
777 1824 850 1870 hoc
869 1824 914 1869 ad
933 1839 969 1869 te
987 1824 1171 1886 pertinet,
1194 1824 1283 1870 Ole.

447 1897 696 1957 Quadrantem
719 1915 830 1942 nemo
849 1897 919 1955 iam
938 1896 1001 1942 tibi
1021 1896 1169 1941 credet:
1190 1895 1228 1943 ἃ
1250 1896 1336 1942 hoc.

380 1973 489 2017 Uxor
508 1971 650 2016 moecha
671 1969 734 2015 tibi
755 1970 824 2016 est:
848 1969 922 2015 hoc
940 1970 984 2015 ad
1005 1986 1039 2015 te
1058 1969 1245 2033 pertinet,
1266 1971 1357 2017 Ole.

447 2043 570 2090 Poscit
590 2045 659 2104 jam
678 2044 804 2090 dotem
823 2043 897 2089 filia
916 2043 1081 2105 grandis:
1107 2043 1146 2090 Sc
1165 2043 1251 2089 hoc.

379 2115 517 2164 Dicere
537 2115 749 2178 quindecies
771 2133 937 2179 poteram
954 2151 966 2168 ,
986 2115 1089 2178 quod
1106 2114 1267 2178 pertinet
1284 2115 1327 2159 ad
1346 2129 1403 2161 te:

447 2189 519 2235 Sed
539 2189 629 2251 quid
645 2206 729 2252 agas
745 2223 757 2243 ,
774 2188 819 2236 ad
836 2207 894 2235 me
912 2188 1072 2253 pertinet
1088 2223 1100 2254 ²
1118 2187 1192 2235 Ole
1207 2221 1219 2241 ,
1241 2185 1344 2234 nihil.

1607 358 1659 387 to

1611 1774 1668 1802 10

1611 2134 1662 2178 ¹5
