1716 2927
297 145 967 194 EPIGRAMMATUM
999 149 1048 195 L.
1082 151 1173 197 IX.
1324 161 1385 215 ςι-

96 250 196 314 Quae
217 270 315 299 nunc
331 252 539 299 Theffalico
557 255 688 298 Lunam
707 253 892 299 deducere
912 252 1073 302 rhombo
1088 290 1101 309 ‚

164 329 262 386 Qum
283 327 371 374 sciet
389 327 456 373 hos
476 326 563 373 illos
580 328 742 374 vendere
758 327 842 374 lena
861 334 999 374 toros?
1325 347 1342 375 ι
1354 344 1384 378 ο·

95 397 151 444 Sit
169 397 234 443 tibi
256 414 350 444 terra
368 399 457 445 levis
473 433 484 450 ‚
503 397 685 461 mollique
705 397 838 462 tegaris
858 416 967 446 arena
980 434 994 454 ‚

160 474 220 517 Ne
238 489 298 518 tua
317 490 394 519 non
414 472 546 537 poffint
565 491 696 519 eruere
717 473 791 520 offa
810 491 931 520 canes.

366 657 541 704 XXXI.
575 659 630 702 In
653 660 850 719 pietatem
877 658 1082 719 Nigrina?-

95 766 454 854 CAPPADOCUM
470 806 576 853 saevisv
595 807 767 854 Antistius
787 805 927 854 occidit
946 805 1022 852 oris

158 879 331 926 Rusticus.
351 900 374 926 o
394 879 482 925 tristi
504 878 657 926 crimine
676 897 772 927 terra
792 884 957 926 nocens!

93 951 250 997 Rettulit
271 952 344 998 offa
363 950 439 997 finu
459 952 531 997 cari
550 951 704 1015 Nigrina
726 951 844 997 mariti
861 986 874 1005 ,

158 1027 202 1070 Et
220 1026 341 1088 questa
363 1025 412 1071 est
435 1025 566 1088 longas
586 1043 664 1071 non
684 1024 765 1071 satis
785 1024 858 1070 effe
874 1024 972 1071 vias:

91 1097 265 1158 Cumque
284 1097 386 1142 daret
404 1096 559 1142 sanfflm
578 1096 724 1143 tumulis
737 1132 749 1149 ‚
766 1096 897 1160 quibus
917 1096 1077 1151 invidet,
1094 1113 1220 1145 urnam
1234 1131 1247 1150 ‚
1348 1111 1377 1162 ς]

155 1168 240 1215 visa
257 1167 320 1215 fibi
337 1170 387 1216 est
403 1185 510 1233 rapto
528 1170 583 1216 bis
601 1169 749 1217 viduata
766 1169 863 1217 viro.

432 1353 622 1399 XXXII.
657 1357 729 1399 De
758 1358 800 1399 V
799 1356 870 1399 elii
890 1370 1002 1400 voto.

88 1466 252 1553 DUM
272 1520 399 1550 comes
418 1501 563 1549 Araois
583 1502 738 1549 haereret
755 1502 909 1548 Caesaris
928 1501 1036 1548 armis

152 1576 280 1622 Velius
295 1611 306 1629 ‚
329 1576 418 1622 hanc
437 1575 550 1622 Marti
569 1594 639 1640 pro
660 1577 754 1623 duce
775 1576 880 1623 vovit
898 1593 1014 1634 avem.

85 1651 186 1694 Luna
203 1665 329 1712 quater
346 1648 455 1695 binos
476 1666 553 1696 non
575 1663 653 1694 tota
671 1665 866 1713 peregerat
887 1649 998 1696 orbes
1011 1682 1025 1704 ,

153 1722 287 1771 Debita
308 1722 481 1786 poscebat
498 1723 570 1785 jam
594 1722 657 1769 fibi
677 1740 767 1770 vota
787 1725 901 1769 Deus.

85 1796 165 1858 Ipse
182 1795 257 1841 suas
276 1796 378 1841 anser
396 1795 606 1859 properavit
622 1796 726 1841 laetus
743 1796 787 1841 ad
805 1813 880 1841 aras
893 1829 908 1849 ‚
1339 1813 1362 1858 ς

153 1872 199 1915 Et
217 1868 352 1914 cecidit
370 1856 491 1915 sanffis
508 1869 624 1914 hostia
640 1887 752 1932 parva
772 1867 881 1914 focis.

86 1942 187 1989 0910
203 1942 307 1988 vides
324 1943 452 2006 patulo
472 1942 635 2005 pendere
659 1940 867 1986 numismata
884 1939 1003 1988 rostro

151 2013 284 2060 Alitis?
301 2014 380 2059 haec
396 2013 487 2060 extis
505 2013 654 2059 condita
673 2030 789 2076 nuper
810 2029 924 2060 erant.

84 2090 184 2153 Qua:
200 2087 279 2134 litat
297 2106 449 2152 argento
470 2106 539 2151 pro
560 2104 621 2141 te,
639 2105 715 2133 non
736 2086 936 2150 sanguine,
957 2086 1050 2135 caesa

151 2159 307 2207 Viffima
321 2195 333 2215 ‚
349 2160 421 2222 jam
440 2161 539 2207 ferro
561 2178 640 2208 non
660 2177 754 2224 opus
772 2160 845 2207 effe
862 2160 988 2206 docet.
1295 2174 1358 2212 [10

956 2421 1045 2464 Da
