1716 2927
342 138 434 172 202
593 126 662 173 M.
698 124 1338 174 VA'L.MARTIALIS

341 228 477 277 Scribit
493 229 670 287 carmina,
691 250 774 296 quae
791 233 922 297 legunt
941 246 1124 281 cacantes.

339 308 456 353 Frons
476 304 555 352 haec
576 304 740 371 stigmate
759 323 836 353 non
854 324 939 353 meo
960 306 1122 353 notanda
1142 305 1206 353 est.

467 488 605 538 LXII.
639 494 719 537 Ad
745 493 973 540 Saturnum
990 509 1071 552 pro
1090 490 1236 553 Prisco
1262 491 1463 541 Terentio.

346 621 597 711 ,Am-mm
616 675 681 703 rex
699 674 830 721 magne
848 656 957 720 poli,
976 656 1180 721 mundique
1200 657 1364 723 prioris,

407 734 480 779 Sub
500 750 576 795 quo
599 731 702 796 pigra
720 731 822 794 quies
839 767 850 787 ,
870 750 938 778 nec
957 732 1063 779 labor
1081 732 1179 778 ullus
1197 748 1276 778 erat
1289 767 1302 786 ,

341 807 424 852 Nec
443 806 568 869 regale
589 804 695 850 nimis
714 804 854 852 fulmen
871 840 883 859 ‚
903 823 971 852 nec
990 805 1145 853 fulmine
1165 798 1279 870 digna
1291 841 1306 860 ‚

408 881 515 927 Sciffa
533 898 600 926 nec
621 880 666 925 ad
686 881 819 926 Manes
831 914 844 934 ‚
864 879 928 926 fed
946 878 1009 926 fita
1027 879 1132 927 dives
1150 879 1307 926 humus:

339 957 460 1000 Laetus
475 954 520 1000 ad
537 954 615 1000 haec
632 953 822 1017 facilisque
839 952 924 998 veni
944 952 1141 999 sollemnia
1159 952 1271 999 Prisci

406 1025 578 1079 Gaudia·,
597 1044 679 1071 cum
697 1025 804 1072 sacris
823 1040 859 1072 te
877 1025 984 1072 decet
1003 1025 1076 1072 effe
1095 1025 1178 1073 tuis.

342 1104 403 1149 Tu
419 1101 593 1148 reducem
612 1102 737 1165 patriae
758 1102 858 1148 sexta
870 1136 884 1155 ‚
903 1118 1007 1164 pater
1025 1100 1167 1164 optime
1180 1135 1193 1154 ‚
1210 1100 1336 1147 bruma

407 1176 553 1224 Pacifici
575 1176 670 1223 Latia
686 1176 809 1222 reddis
830 1177 877 1223 ab
896 1177 988 1222 urbe
1008 1178 1158 1222 Numae.

345 1252 480 1300 Cernis
497 1267 535 1298 ut
555 1251 725 1298 Ausonio
744 1249 868 1297 fimilis
887 1249 952 1297 tibi
972 1267 1113 1314 pompa
1131 1248 1290 1295 macello

408 1329 594 1380 Pendeat,
613 1327 653 1376 ὅ(
669 1342 825 1392 quantus
844 1325 1051 1374 luxurietur
1069 1325 1219 1372 honos?

345 1407 470 1466 Quam
486 1421 561 1449 non
580 1420 685 1466 parca
705 1419 832 1447 manus
845 1435 857 1454 ‚
875 1399 1062 1464 largaeque
1085 1396 1298 1445 nomismata
1315 1397 1478 1451 mensae,

414 1480 533 1538 Quae,
554 1479 733 1529 Saturne,
753 1475 817 1521 tibi
839 1487 1146 1538 pernumerentur
1163 1478 1288 1535 opes?

348 1554 475 1608 thue
495 1549 536 1594 fit
551 1548 606 1594 his
625 1549 782 1613 pretium
800 1547 939 1594 meritis
955 1583 967 1600 ‚
986 1546 1025 1593 δι
1045 1544 1157 1610 gratia
1174 1545 1293 1608 major
1308 1581 1321 1601 ,

413 1625 460 1668 Et
478 1636 604 1684 pater,
623 1620 663 1666 δι
684 1621 779 1683 frugi
799 1621 846 1665 fic
869 1637 930 1666 tua
948 1619 1046 1665 sacra
1065 1617 1170 1663 colit.

347 1698 399 1744 At
417 1686 456 1742 tu
473 1695 589 1742 samue
606 1709 672 1740 tuo
689 1693 736 1739 fic
754 1694 897 1756 semper
915 1708 1037 1738 amere
1056 1687 1281 1736 Decembri:

419 1771 500 1816 Hos
518 1767 573 1814 illi
591 1767 716 1831 jubeas
735 1766 833 1830 saepe
851 1763 973 1812 redire
992 1762 1084 1810 dies.

712 1958 870 2005 LXIII.
904 1959 987 2003 Ad
1009 1959 1255 2004 Cordubam.

358 2079 565 2168 Une-ro
583 2116 760 2163 Corduba
775 2114 899 2161 laetior
918 2113 1084 2161 Venafro
1100 2149 1114 2168 2

354 2192 472 2239 Histra
489 2209 558 2237 nec
578 2189 693 2237 miuus
710 2190 873 2236 absoluta
892 2189 976 2234 testa
996 2222 1010 2243 ‚

358 2263 448 2312 Albi
469 2282 549 2327 quae
566 2264 710 2327 superas
728 2281 822 2310 oves
839 2261 959 2309 Galefi
975 2297 989 2316 ‚

358 2337 479 2386 Nullo
495 2336 661 2392 murice,
681 2355 750 2385 nec
769 2353 903 2386 cruore
920 2334 1078 2383 mendax
1091 2368 1110 2388 ‚

1578 1341 1639 1371 10
