1716 2927
253 123 941 172 EPIGRAMMATUM
970 126 1018 170 L.
1053 124 1168 174 XII.

415 308 672 368 'LXXXIL
707 309 781 352 De
813 308 988 353 Umbro.

94 429 307 518 BRUMAE
325 466 454 514 diebus
466 502 478 521 ‚
495 466 668 531 feriisque
686 466 858 521 Saturni,

93 543 272 589 Mittebat
290 543 431 589 Umber
447 541 615 588 aliculam
632 541 721 588 mihi
740 559 908 606 pauper;

95 619 205 663 Nunc
225 615 319 663 mifit
336 616 489 663 alicam:
509 616 623 663 fastus
642 615 692 662 est
711 614 810 662 enim
827 615 945 661 dives.

413 801 670 850 LXXXIII.
706 804 779 849 De
808 800 1042 865 Menogene-

98 923 369 1012 EFFUGERE
389 962 425 1009 in
444 962 593 1009 thermis
608 997 620 1015 ‚
640 961 679 1009 8(
694 961 789 1009 circa
803 962 935 1009 balnea
953 981 1031 1009 non
1050 961 1101 1009 est

160 1039 409 1099 Menogenen
425 1069 438 1088 ‚
455 1033 559 1081 omni
578 1049 615 1080 tu
632 1033 720 1080 licet
737 1050 814 1081 arte
832 1034 944 1080 velisq

94 1106 272 1172 Captabit
288 1106 454 1170 tepidum
473 1107 602 1152 dextra
621 1106 786 1168 laevaque
806 1106 995 1170 trigonem
1010 1140 1023 1160 ‚

164 1185 324 1244 Imputet
344 1194 517 1243 exceptas
534 1195 573 1225 ut
592 1179 656 1225 tibi
676 1180 772 1242 saepe
791 1179 896 1242 pilaS.

96 1252 271 1316 Co'iliget
287 1286 299 1305 ‚
322 1250 362 1297 8<
380 1251 517 1297 referet
534 1251 652 1297 laxum
671 1252 717 1296 de
737 1252 890 1313 pulvere
908 1250 1069 1304 follem}

163 1328 208 1370 Et
225 1323 249 1370 fi
269 1324 339 1384 jam
357 1323 457 1370 lotus
476 1358 487 1375 ,
506 1324 576 1385 jam
594 1323 753 1369 soleatus
772 1322 854 1368 erit.

97 1396 224 1443 Lintea
239 1395 264 1441 fi
285 1394 400 1440 sumes
414 1429 426 1446 ‚
445 1393 531 1440 nive
549 1393 763 1439 candidiora
782 1393 984 1457 loquetur,

163 1470 244 1516 Sint
263 1469 350 1515 licet
369 1467 519 1514 infantis
538 1466 746 1513 sordidiora
764 1466 853 1513 finu.

99 1542 264 1607 Exiguos
286 1542 385 1588 seao
406 1558 618 1587 comentem
635 1541 747 1586 dente
766 1540 954 1605 capillos‚'

164 1616 275 1662 Dicet
296 1614 479 1661 Achilleas
497 1614 712 1678 disposuiffe
732 1632 868 1660 comas.

100 1690 269 1737 Furnosae
285 1688 379 1735 feret
396 1687 470 1751 ipse
488 1687 614 1751 tropin
632 1687 678 1732 de
699 1688 789 1733 faece
806 1687 950 1750 lagenae
963 1720 977 1741 ‚

165 1762 311 1809 Frontis
331 1762 371 1808 Sc
389 1761 582 1807 humorem
603 1760 759 1822 colliget
773 1761 887 1823 usque
905 1773 993 1808 tuate.v

102 1833 240 1883 Omnia
257 1832 443 1882 laudabit,
462 1832 649 1878 mirabitur
668 1831 787 1876 omnia
802 1865 814 1884 ,
835 1833 957 1879 donec

166 1907 355 1973 Perpessus
371 1905 469 1953 dicas
483 1905 590 1952 taedia
607 1905 709 1952 mille
724 1938 737 1958 ‚
755 1905 860 1952 Veni.

206 2401 430 2448 Martialis,
453 2403 552 2448 Vol,
573 2399 634 2446 II,
1051 2388 1088 2433 O

1283 138 1372 188 209

1314 1625 1376 1664 {10
