1716 2927
361 144 428 204 '46
651 143 719 194 M.
754 146 911 194 VAL.
945 146 1390 194 MARTJALIS

584 329 712 376 XIX.
747 332 830 377 Ad
849 330 1043 392 Caesarem
1066 332 1379 377 Domitianum.

359 453 487 543 Esr
502 491 591 539 mihi
606 528 619 547 ‚
637 491 753 557 fitque
771 511 908 557 precor
924 493 1082 558 longum
1101 508 1138 540 te
1155 493 1308 558 praefide
1323 530 1334 549 ,
1351 495 1496 552 Caesar,

428 571 501 613 Rus
518 566 730 613 minimum:
754 565 852 630 parvi
871 565 952 612 sunt
970 565 1007 612 ἃ
1027 565 1065 611 iu
1084 567 1175 612 urbe
1193 569 1314 616 Lares.

356 642 430 689 Sed
449 642 496 688 de
514 641 610 687 valle
630 640 760 694 brevi,
780 658 868 704 quas
888 641 950 687 det
966 638 1166 686 fitientibus
1186 640 1301 687 hortis
1314 674 1328 695 ‚

428 717 552 761 Curva
569 714 750 760 laboratas
766 714 878 760 antlia
897 713 998 759 tollit
1017 731 1139 777 aquas.

356 787 461 835 Sicca
480 788 613 834 domus
631 786 798 851 queritur
818 788 924 833 nullo
946 786 983 833 se
1003 804 1089 833 rore
1107 785 1258 841 foveri,

423 864 518 908 Cum
540 860 628 906 mihi
646 860 772 907 vicino
790 859 927 906 Martia
946 861 1051 906 fonte
1070 860 1190 906 sonet.

355 938 479 999 Quam
499 933 646 981 dederis
666 934 794 981 nostris
810 971 822 988 ‚
841 935 1004 997 Auguste
1017 969 1030 987 ‚
1051 934 1244 981 Penatibus
1261 934 1423 990 undam3

421 1007 572 1056 Castalis
589 1008 666 1055 haec
685 1007 794 1055 nobis
808 1043 821 1063 ‚
838 1022 899 1054 aut
921 1006 1022 1054 lovis
1043 1006 1159 1053 imber
1180 1006 1262 1054 erit.

762 1191 872 1237 XX.
908 1193 963 1237 In
982 1193 1206 1237 Sabellum.

359 1318 578 1405 LAUDAS
595 1354 727 1401 balnea
744 1353 904 1401 verfibus
928 1353 1102 1401 trecentis

360 1428 548 1474 Coenantis
563 1427 825 1474 benesPontici
842 1464 854 1482 ‚
876 1428 1020 1474 Sabelle
1037 1461 1052 1481 ,

358 1501 425 1547 vis
443 1519 591 1548 coenare
603 1537 615 1556 ‚
633 1502 779 1550 Sabelle
792 1538 806 1558 ‚
827 1520 907 1549 non
924 1501 1049 1548 lavari.

695 1686 822 1732 XXI.
856 1689 938 1732 Ad
956 1688 1276 1733 Domitianum.

360 1811 454 1897 H
459 1864 553 1898 AEc,
570 1865 653 1910 quae
671 1862 747 1894 tota
767 1863 868 1911 paret
882 1883 894 1902 ,
914 1847 1125 1912 tegiturque
1143 1847 1182 1895 &
1201 1866 1384 1897 marmore
1397 1884 1410 1905 ‚
1428 1849 1469 1898 &
1485 1862 1606 1909 auro;

423 1919 572 1967 Infantis
589 1920 731 1968 domini
754 1919 901 1966 conscia
925 1936 1019 1966 terra
1039 1920 1118 1966 fuit.

357 1993 463 2040 felix
478 2029 488 2038 .
505 2012 586 2057 quae
605 1993 708 2040 tantis
728 1994 853 2041 sonuit
871 1995 1049 2058 vagitibus
1063 2031 1074 2045 ,
1092 1994 1128 2041 ἃ
1151 2013 1234 2057 quae

425 2066 527 2113 Vidit
543 2083 728 2131 reptantes
741 2104 752 2120 ,
775 2068 1014 2132 sustinuitque
1032 2074 1182 2115 manus!

360 2142 430 2187 Hic
449 2141 592 2188 steterat
610 2143 812 2188 veneranda
831 2143 963 2187 domus
978 2179 990 2199 ‚
1015 2160 1097 2205 quae
1120 2140 1282 2205 praestitit
1300 2142 1412 2196 orbi,

427 2214 545 2274 Quod
564 2213 741 2266 Rhodos,
761 2214 923 2260 astrifero
944 2217 1045 2277 quod
1066 2215 1122 2278 pia
1145 2218 1255 2261 Creta
1273 2216 1380 2280 polo.

363 2289 520 2333 Curetes
537 2302 663 2332 texere
684 2290 812 2333 lovem
831 2287 1088 2348 crepitantibus
1106 2288 1210 2333 armis
1225 2322 1238 2341 ‚

425 2359 592 2410 Semiviri
608 2376 780 2425 poteram
799 2361 918 2425 qualia
938 2362 1034 2409 ferre
1050 2361 1225 2426 Phryges.
