1716 2927
281 156 946 214 'EPIGRAMMATUM
977 171 1025 214 L.
1062 139 1143 217 ἰν.

85 263 211 326 Quam
231 264 342 312 fluehx
361 265 488 320 tenui,
510 266 602 314 sed
593 267 763 332 inquieto

79 338 283 386 'Armorum
303 340 389 388 Salo
409 357 638 405 temperator
652 343 789 390 ambit:

85 414 354 496 Tutelamque
378 415 588 480 chorosque
604 416 859 474 Rixamarum,

84 489 132 532 Et
151 489 324 535 convivia
343 489 426 537 festa
444 492 672 538 Carduarum
689 528 702 548 ‚

84 563 132 606 Et
149 562 258 608 textis
278 566 439 610 Peteron
457 563 546 610 tofis
567 565 763 611 rubentem
780 599 794 617 ‚

83 638 210 699 Atque
226 635 373 699 antiqua
391 652 533 700 patrum
549 637 815 701 theatraRigas
826 671 840 690 ,
888 636 889 639 ¹

83 710 131 754 Et
150 725 273 755 certos
292 709 416 770 jaculo
437 709 508 756 levi
528 708 676 762 Silaos,

82 781 355 845 Turgentisque
369 782 469 829 lacus
479 818 493 837 ‚
511 781 756 845 Petufiaeque‚

81 855 130 899 Et
147 873 267 918 parvae
284 855 376 902 vada
394 875 484 920 pura
501 855 708 902 Vetoniffae
721 890 736 909 ‚

82 930 131 973 Et
146 928 304 975 sanfiium
321 929 519 976 Baradonis
538 929 702 975 ilicetum
717 963 731 982 ‚

82 1004 153 1047 Per
169 1002 273 1065 quod
291 1002 350 1049 vel
368 1002 476 1067 piger
492 1002 652 1051 ambulas
668 1003 815 1057 viator;

81 1077 130 1121 Et
149 1093 232 1139 quae
249 1076 407 1122 fortibus
424 1077 567 1125 excolit
581 1076 749 1139 juvencis

81 1150 219 1197 Cutvae
239 1149 399 1195 Manlius
414 1168 499 1196 arva
517 1149 740 1196 Masineffae.

80 1221 171 1266 Haec
191 1236 262 1266 tam
281 1222 431 1277 rustica,
451 1222 609 1269 delicate
627 1222 776 1277 leflor,

80 1291 194 1338 Rides
214 1294 389 1340 nomina?
409 1294 527 1340 rideas
542 1295 682 1341 licebit.

82 1365 174 1411 Haec
194 1379 266 1411 tam
285 1365 413 1412 rustica
429 1366 530 1411 malo
546 1399 558 1419 ,
577 1382 690 1429 quam·
701 1366 885 1412 Bituntos.

438 1555 552 1601 LVI.
584 1557 640 1600 In
663 1555 977 1616 Gargilianum.

83 1670 336 1758 BJUNERA
353 1707 456 1771 quod
472 1707 619 1754 senibus
634 1743 647 1761 ‚
662 1706 860 1772 viduisque
877 1706 1044 1772 ingentia
1062 1705 1203 1762 mittis,⁴

146 1778 214 1824 Vis
233 1795 270 1824 te
289 1778 501 1825 munificum
517 1815 530 1833 ‚
545 1781 763 1844 Gargiliane
777 1815 789 1833 ‚
808 1787 972 1826 vocem?

83 1851 277 1898 Sordidius
298 1851 388 1897 nihil
406 1851 456 1897 est
470 1886 482 1905 ‚
503 1851 593 1897 nihil
612 1853 662 1899 est
679 1868 715 1898 te
736 1852 899 1916 spurcius
919 1870 994 1901 uno
1010 1886 1024 1906 ,

151 1923 229 1984 Qui
246 1939 356 1987 potes
371 1923 514 1971 infidias
531 1925 631 1971 dona
648 1944 784 1973 vocate
802 1942 892 1974 tuas.

83 1996 145 2042 sic
163 1995 276 2043 avidis
294 1996 404 2043 fallax
424 1996 593 2063 indulget
603 1997 767 2062 piscibus
786 1998 908 2045 hamus
923 2020 933 2045 :

154 2068 298 2115 Callida
315 2068 363 2115 fic
384 2070 503 2116 stultas
519 2070 659 2135 decipit
676 2071 756 2117 esca
775 2070 882 2117 feras.

83 2139 191 2205 Quid
208 2141 249 2188 fit
267 2141 417 2206 largiri,
437 2142 525 2206 quid
542 2142 770 2198 firdomre,
789 2144 960 2200 docebo,

151 2214 189 2261 Si
210 2213 344 2262 nescis:
364 2215 464 2263 dona
478 2250 490 2271 ,
508 2216 746 2281 Gargilium,
762 2215 864 2264 mihi.

1280 187 1369 238 ¹55

1311 367 1362 414 ¹5

1310 727 1373 755 20
