1716 2927
382 143 481 204 234·
643 145 712 189 M.
752 144 916 191 VAL.
952 144 1409 194 MARTIALIS

745 332 974 378 LXXVII.
1010 334 1069 378 In
1096 334 1275 393 Afrum.

383 443 533 532 Cum
549 485 591 532 fis
609 501 679 533 tam
699 504 838 551 pauper
851 522 863 540 ‚
883 505 991 550 quam
1012 505 1080 534 nec
1098 487 1311 535 miserabilis
1331 492 1436 545 Irus;

445 560 535 604 Tam
553 558 720 619 juvenis,
738 577 843 623 quam
862 578 930 606 nec
949 559 1230 624 Parthenopaeus
1247 576 1347 616 erat3

379 633 471 678 Tam
489 632 594 677 fortis
609 667 622 685 ‚
641 651 747 695 quam
769 651 837 679 nec
851 668 863 686 ‚
882 651 966 679 cum
983 631 1175 686 vinceret,
1194 633 1470 683 Artemidorus:

446 704 552 765 Quid
570 721 606 751 te
625 707 893 769 Cappadocum¹
908 706 970 753 sex
989 725 1083 753 onus
1101 707 1174 754 effe
1191 708 1293 770 juvat
1310 715 1325 755 ?

381 781 523 829 Rideris
537 817 549 834 ‚
568 783 764 846 multoque
786 784 900 847 magis
921 782 1122 830 traduceris
1136 819 1150 838 ‚
1171 784 1260 830 Afer
1274 818 1288 839 ,

446 860 569 917 Quam
593 857 710 902 nudus
732 855 858 903 medio
877 856 901 901 fi
923 856 1079 920 spatiere
1098 856 1200 904 foro.

379 930 470 976 Non
487 927 593 974 aliter
612 929 829 975 monstratur
846 929 947 975 Atlas
964 947 1045 975 cum
1067 947 1246 993 compare
1266 928 1411 993 ginn03

445 1005 619 1065 Quaeque
638 1001 740 1047 vehit
758 1001 909 1047 fimilem
928 1002 1054 1048 bellua
1072 1002 1175 1065 nigra
1195 1002 1326 1065 Libyn.

382 1075 568 1123 Invidiosa
586 1075 652 1121 tibi
671 1092 778 1138 quam
797 1074 840 1120 fir
858 1073 986 1120 leffica
1000 1109 1013 1128 ‚
1027 1074 1211 1137 requiris?

446 1150 538 1196 Non
557 1147 670 1195 debes
687 1147 773 1194 ferri
793 1164 960 1194 mortuus
983 1146 1217 1210 hexaphoro.

527 1339 773 1387 LXXVIII.
799 1312 888 1384 ‘Aa'
904 1339 1067 1383 Aulam
1084 1369 1100 1394 ‚
1119 1337 1168 1381 de
1184 1336 1352 1399 Phryge
1374 1336 1513 1397 lufioffl

388 1452 578 1537 Poma
596 1487 733 1535 nobilis
746 1524 757 1542 ‚
779 1487 875 1534 Aule
889 1522 901 1540 ‚
920 1485 1065 1532 lumine
1083 1503 1171 1532 uno-

381 1563 515 1607 Luscus
535 1561 656 1624 Phryx
676 1577 751 1607 erar
765 1596 777 1615 ‚
796 1561 991 1623 alteroque
1010 1558 1154 1622 lippus:

381 1631 480 1677 Huic
497 1635 610 1678 Heras
629 1631 792 1677 medicus
805 1667 817 1683 ,
835 1631 938 1676 Bibas
959 1646 1088 1676 caveto
1106 1650 1116 1674 ι

383 1707 522 1754 Vinum
541 1706 566 1751 fi
585 1705 719 1752 biberis
735 1741 746 1758 ‚
767 1704 857 1750 nihil
876 1703 1036 1750 videbis.

382 1780 521 1828 Ridens
538 1781 659 1844 Phryx
675 1815 688 1833 ,
709 1779 823 1826 oculo
838 1813 851 1831 ‚
868 1777 1019 1824 Valebis
1037 1811 1050 1831 ‚
1069 1774 1200 1838 inquit.
1280 1822 1281 1826 ,

386 1851 539 1899 Misceri
559 1852 622 1898 fibi
642 1852 810 1916 protinus
827 1849 989 1896 deunces
1003 1883 1018 1902 ‚

389 1925 461 1969 Sed
484 1925 632 1971 crebros
650 1923 763 1986 jubet.
785 1921 924 1968 exitum
943 1918 1132 1984 requiris?

389 1996 525 2043 Vinum
542 1996 662 2060 Phryx
677 2030 690 2062 ⁹.
709 1995 840 2044 oculus
857 1993 949 2041 bibit
968 2009 1169 2041 venenum,

1607 1167 1669 1201 *10
