<?xml version="1.0" encoding="UTF-8"?>
<!DOCTYPE html PUBLIC "-//W3C//DTD XHTML 1.0 Transitional//EN"
    "http://www.w3.org/TR/xhtml1/DTD/xhtml1-transitional.dtd">
<html xmlns="http://www.w3.org/1999/xhtml" xml:lang="en" lang="en">
 <head>
  <title>
</title>
<meta http-equiv="Content-Type" content="text/html;charset=utf-8" />
  <meta name='ocr-system' content='tesseract 3.04.00' />
  <meta name='ocr-capabilities' content='ocr_page ocr_carea ocr_par ocr_line ocrx_word'/>
</head>
<body>
  <div class='ocr_page' id='page_1' title='image "./epigrammataadopt00martuoft_0424.png"; bbox 0 0 1716 2927; ppageno 0'>
   <div class='ocr_carea' id='block_1_1' title="bbox 335 135 1344 202">
    <p class='ocr_par' dir='ltr' id='par_1_1' title="bbox 335 135 1344 202">
     <span class='ocr_line' id='line_1_1' title="bbox 335 135 1344 202; baseline 0.006 -17"><span class='ocrx_word' id='word_1_1' title='bbox 335 145 400 202; x_wconf 56' lang='grc' dir='ltr'>’ῳ</span> <span class='ocrx_word' id='word_1_2' title='bbox 595 140 663 187; x_wconf 87' lang='lat' dir='ltr'>M.</span> <span class='ocrx_word' id='word_1_3' title='bbox 699 142 798 188; x_wconf 88' lang='lat' dir='ltr'>VA</span> <span class='ocrx_word' id='word_1_4' title='bbox 811 143 861 188; x_wconf 85' lang='lat' dir='ltr'>L.</span> <span class='ocrx_word' id='word_1_5' title='bbox 895 135 1344 191; x_wconf 72' lang='lat' dir='ltr'><em>MARTIALIS</em></span> 
     </span>
    </p>
   </div>
   <div class='ocr_carea' id='block_1_2' title="bbox 334 244 1128 459">
    <p class='ocr_par' dir='ltr' id='par_1_2' title="bbox 334 244 1128 459">
     <span class='ocr_line' id='line_1_2' title="bbox 335 244 1088 311; baseline 0.005 -21"><span class='ocrx_word' id='word_1_6' title='bbox 335 247 429 291; x_wconf 81' lang='lat' dir='ltr'>Haec</span> <span class='ocrx_word' id='word_1_7' title='bbox 446 244 537 292; x_wconf 83' lang='lat' dir='ltr'>hora</span> <span class='ocrx_word' id='word_1_8' title='bbox 556 245 605 292; x_wconf 84' lang='lat' dir='ltr'>est</span> <span class='ocrx_word' id='word_1_9' title='bbox 622 261 682 294; x_wconf 87' lang='lat' dir='ltr'>tua</span> <span class='ocrx_word' id='word_1_10' title='bbox 695 282 709 302; x_wconf 90' lang='lat'><strong>‚</strong></span> <span class='ocrx_word' id='word_1_11' title='bbox 725 265 808 294; x_wconf 86' lang='lat' dir='ltr'>cum</span> <span class='ocrx_word' id='word_1_12' title='bbox 827 246 913 294; x_wconf 84' lang='lat' dir='ltr'>furit</span> <span class='ocrx_word' id='word_1_13' title='bbox 932 250 1060 311; x_wconf 83' lang='lat' dir='ltr'>Lyaeus</span> <span class='ocrx_word' id='word_1_14' title='bbox 1075 284 1088 303; x_wconf 89' lang='lat'><strong>‚</strong></span> 
     </span>
     <span class='ocr_line' id='line_1_3' title="bbox 335 320 1128 384; baseline 0.005 -20"><span class='ocrx_word' id='word_1_15' title='bbox 335 322 434 365; x_wconf 87' lang='lat' dir='ltr'>Cum</span> <span class='ocrx_word' id='word_1_16' title='bbox 449 337 578 384; x_wconf 79' lang='lat' dir='ltr'>regnat</span> <span class='ocrx_word' id='word_1_17' title='bbox 595 320 675 366; x_wconf 84' lang='lat' dir='ltr'>rosa</span> <span class='ocrx_word' id='word_1_18' title='bbox 688 355 701 374; x_wconf 77' lang='lat'>,</span> <span class='ocrx_word' id='word_1_19' title='bbox 718 339 798 366; x_wconf 87' lang='lat' dir='ltr'>cum</span> <span class='ocrx_word' id='word_1_20' title='bbox 810 321 965 367; x_wconf 81' lang='lat' dir='ltr'>madent</span> <span class='ocrx_word' id='word_1_21' title='bbox 983 321 1128 384; x_wconf 85' lang='lat' dir='ltr'>capilli:</span> 
     </span>
     <span class='ocr_line' id='line_1_4' title="bbox 334 393 1073 459; baseline 0.007 -21"><span class='ocrx_word' id='word_1_22' title='bbox 334 395 442 439; x_wconf 84' lang='lat' dir='ltr'>Tunc</span> <span class='ocrx_word' id='word_1_23' title='bbox 461 411 519 440; x_wconf 87' lang='lat' dir='ltr'>me</span> <span class='ocrx_word' id='word_1_24' title='bbox 537 393 598 441; x_wconf 88' lang='lat' dir='ltr'>vel</span> <span class='ocrx_word' id='word_1_25' title='bbox 620 394 729 458; x_wconf 80' lang='lat' dir='ltr'>rigidi</span> <span class='ocrx_word' id='word_1_26' title='bbox 747 395 873 459; x_wconf 80' lang='lat' dir='ltr'>legant</span> <span class='ocrx_word' id='word_1_27' title='bbox 892 397 1073 443; x_wconf 73' lang='lat' dir='ltr'><strong>Catones.</strong></span> 
     </span>
    </p>
   </div>
   <div class='ocr_carea' id='block_1_3' title="bbox 741 575 1200 626">
    <p class='ocr_par' dir='ltr' id='par_1_3' title="bbox 741 575 1200 626">
     <span class='ocr_line' id='line_1_5' title="bbox 741 575 1200 626; baseline 0.007 -4"><span class='ocrx_word' id='word_1_28' title='bbox 741 575 850 624; x_wconf 89' lang='lat' dir='ltr'>XX.</span> <span class='ocrx_word' id='word_1_29' title='bbox 883 579 965 623; x_wconf 80' lang='lat' dir='ltr'>Ad</span> <span class='ocrx_word' id='word_1_30' title='bbox 982 578 1200 626; x_wconf 35' lang='lat' dir='ltr'>Manium‘</span> 
     </span>
    </p>
   </div>
   <div class='ocr_carea' id='block_1_4' title="bbox 298 682 1409 789">
    <p class='ocr_par' dir='ltr' id='par_1_4' title="bbox 298 682 1409 789">
     <span class='ocr_line' id='line_1_6' title="bbox 298 682 1409 789; baseline 0.01 -27"><span class='ocrx_word' id='word_1_31' title='bbox 298 758 305 762; x_wconf 90' lang='lat'><em>.</em></span> <span class='ocrx_word' id='word_1_32' title='bbox 333 682 536 769; x_wconf 65' lang='lat' dir='ltr'>Ducu-</span> <span class='ocrx_word' id='word_1_33' title='bbox 554 723 597 769; x_wconf 77' lang='lat' dir='ltr'>ad</span> <span class='ocrx_word' id='word_1_34' title='bbox 617 723 787 771; x_wconf 77' lang='lat' dir='ltr'>auriferas</span> <span class='ocrx_word' id='word_1_35' title='bbox 805 727 907 789; x_wconf 88' lang='lat' dir='ltr'>quod</span> <span class='ocrx_word' id='word_1_36' title='bbox 930 744 989 773; x_wconf 85' lang='lat' dir='ltr'>me</span> <span class='ocrx_word' id='word_1_37' title='bbox 1006 727 1095 773; x_wconf 82' lang='lat' dir='ltr'>Salo</span> <span class='ocrx_word' id='word_1_38' title='bbox 1115 726 1284 773; x_wconf 81' lang='lat' dir='ltr'>Celtiber</span> <span class='ocrx_word' id='word_1_39' title='bbox 1302 744 1383 775; x_wconf 60' lang='lat'>0125</span> <span class='ocrx_word' id='word_1_40' title='bbox 1398 762 1409 781; x_wconf 67' lang='lat'><strong>‚</strong></span> 
     </span>
    </p>
   </div>
   <div class='ocr_carea' id='block_1_5' title="bbox 331 796 1297 1454">
    <p class='ocr_par' dir='ltr' id='par_1_5' title="bbox 331 796 1297 1454">
     <span class='ocr_line' id='line_1_7' title="bbox 397 796 1208 868; baseline 0.007 -29"><span class='ocrx_word' id='word_1_41' title='bbox 397 796 559 842; x_wconf 81' lang='lat' dir='ltr'>Pendula</span> <span class='ocrx_word' id='word_1_42' title='bbox 577 797 680 860; x_wconf 87' lang='lat' dir='ltr'>quod</span> <span class='ocrx_word' id='word_1_43' title='bbox 700 797 826 861; x_wconf 81' lang='lat' dir='ltr'>patriae</span> <span class='ocrx_word' id='word_1_44' title='bbox 842 799 962 845; x_wconf 86' lang='lat' dir='ltr'>visere</span> <span class='ocrx_word' id='word_1_45' title='bbox 979 798 1208 868; x_wconf 42' lang='lat' dir='ltr'>teElailibeu</span> 
     </span>
     <span class='ocr_line' id='line_1_8' title="bbox 331 868 1297 935; baseline 0.005 -23"><span class='ocrx_word' id='word_1_46' title='bbox 331 868 389 912; x_wconf 82' lang='lat' dir='ltr'>Tu</span> <span class='ocrx_word' id='word_1_47' title='bbox 410 868 498 916; x_wconf 83' lang='lat' dir='ltr'>mihi</span> <span class='ocrx_word' id='word_1_48' title='bbox 516 870 741 935; x_wconf 83' lang='lat' dir='ltr'>fimplicibus</span> <span class='ocrx_word' id='word_1_49' title='bbox 755 907 768 926; x_wconf 92' lang='lat'><em>‚</em></span> <span class='ocrx_word' id='word_1_50' title='bbox 784 872 916 927; x_wconf 77' lang='lat' dir='ltr'>Mani,</span> <span class='ocrx_word' id='word_1_51' title='bbox 934 872 1087 919; x_wconf 69' lang='grc' dir='ltr'>ἀίὶεξὶυς</span> <span class='ocrx_word' id='word_1_52' title='bbox 1105 872 1150 919; x_wconf 80' lang='lat' dir='ltr'>ab</span> <span class='ocrx_word' id='word_1_53' title='bbox 1167 871 1272 919; x_wconf 82' lang='lat' dir='ltr'>annis</span> <span class='ocrx_word' id='word_1_54' title='bbox 1284 906 1297 926; x_wconf 81' lang='lat'>‚</span> 
     </span>
     <span class='ocr_line' id='line_1_9' title="bbox 399 944 1011 1007; baseline 0.003 -19"><span class='ocrx_word' id='word_1_55' title='bbox 399 946 446 989; x_wconf 89' lang='lat' dir='ltr'>Et</span> <span class='ocrx_word' id='word_1_56' title='bbox 465 959 679 1007; x_wconf 82' lang='lat' dir='ltr'>praetextata</span> <span class='ocrx_word' id='word_1_57' title='bbox 697 945 813 991; x_wconf 82' lang='lat' dir='ltr'>cultus</span> <span class='ocrx_word' id='word_1_58' title='bbox 829 944 985 991; x_wconf 81' lang='lat' dir='ltr'>amicitia</span> <span class='ocrx_word' id='word_1_59' title='bbox 998 982 1011 1000; x_wconf 94' lang='lat'><strong>‚</strong></span> 
     </span>
     <span class='ocr_line' id='line_1_10' title="bbox 331 1016 1242 1082; baseline 0.003 -21"><span class='ocrx_word' id='word_1_60' title='bbox 331 1018 391 1061; x_wconf 81' lang='lat' dir='ltr'>Tu</span> <span class='ocrx_word' id='word_1_61' title='bbox 407 1016 497 1062; x_wconf 77' lang='lat' dir='ltr'>facis</span> <span class='ocrx_word' id='word_1_62' title='bbox 510 1038 522 1070; x_wconf 81' lang='lat'>3</span> <span class='ocrx_word' id='word_1_63' title='bbox 544 1016 579 1063; x_wconf 88' lang='lat' dir='ltr'>in</span> <span class='ocrx_word' id='word_1_64' title='bbox 600 1018 729 1073; x_wconf 81' lang='lat' dir='ltr'>terris,</span> <span class='ocrx_word' id='word_1_65' title='bbox 749 1037 826 1082; x_wconf 89' lang='lat' dir='ltr'>quo</span> <span class='ocrx_word' id='word_1_66' title='bbox 849 1037 927 1066; x_wconf 88' lang='lat' dir='ltr'>non</span> <span class='ocrx_word' id='word_1_67' title='bbox 950 1019 999 1065; x_wconf 86' lang='lat' dir='ltr'>est</span> <span class='ocrx_word' id='word_1_68' title='bbox 1015 1019 1108 1065; x_wconf 77' lang='lat' dir='ltr'>alter</span> <span class='ocrx_word' id='word_1_69' title='bbox 1127 1018 1242 1064; x_wconf 82' lang='lat' dir='ltr'>Iberis</span> 
     </span>
     <span class='ocr_line' id='line_1_11' title="bbox 398 1087 1186 1158; baseline 0.003 -22"><span class='ocrx_word' id='word_1_70' title='bbox 398 1091 580 1145; x_wconf 80' lang='lat' dir='ltr'>Dulcior,</span> <span class='ocrx_word' id='word_1_71' title='bbox 599 1092 638 1140; x_wconf 67' lang='grc' dir='ltr'>ὅ(</span> <span class='ocrx_word' id='word_1_72' title='bbox 657 1087 750 1139; x_wconf 67' lang='grc' dir='ltr'>νέῐο</span> <span class='ocrx_word' id='word_1_73' title='bbox 767 1093 898 1158; x_wconf 83' lang='lat' dir='ltr'>dignus</span> <span class='ocrx_word' id='word_1_74' title='bbox 914 1112 1042 1140; x_wconf 78' lang='lat' dir='ltr'>amore</span> <span class='ocrx_word' id='word_1_75' title='bbox 1058 1092 1186 1153; x_wconf 74' lang='lat' dir='ltr'>magis.</span> 
     </span>
     <span class='ocr_line' id='line_1_12' title="bbox 331 1165 1273 1230; baseline 0 -19"><span class='ocrx_word' id='word_1_76' title='bbox 331 1168 474 1212; x_wconf 86' lang='lat' dir='ltr'><strong>Tecum</strong></span> <span class='ocrx_word' id='word_1_77' title='bbox 493 1184 568 1230; x_wconf 84' lang='lat' dir='ltr'>ego</span> <span class='ocrx_word' id='word_1_78' title='bbox 587 1167 649 1213; x_wconf 84' lang='lat' dir='ltr'>vel</span> <span class='ocrx_word' id='word_1_79' title='bbox 670 1167 753 1213; x_wconf 84' lang='lat' dir='ltr'>ficei</span> <span class='ocrx_word' id='word_1_80' title='bbox 774 1168 921 1213; x_wconf 81' lang='lat' dir='ltr'>Gaetula</span> <span class='ocrx_word' id='word_1_81' title='bbox 942 1166 1096 1230; x_wconf 78' lang='lat' dir='ltr'>mapalia</span> <span class='ocrx_word' id='word_1_82' title='bbox 1114 1165 1247 1219; x_wconf 68' lang='lat' dir='ltr'>Poeni,</span> <span class='ocrx_word' id='word_1_83' title='bbox 1270 1209 1273 1210; x_wconf 19' lang='lat'><em>⁷</em></span> 
     </span>
     <span class='ocr_line' id='line_1_13' title="bbox 398 1232 1255 1305; baseline -0.001 -18"><span class='ocrx_word' id='word_1_84' title='bbox 398 1244 445 1287; x_wconf 86' lang='lat' dir='ltr'>Et</span> <span class='ocrx_word' id='word_1_85' title='bbox 462 1258 630 1305; x_wconf 79' lang='lat' dir='ltr'>poteram</span> <span class='ocrx_word' id='word_1_86' title='bbox 649 1242 834 1305; x_wconf 83' lang='lat' dir='ltr'>Scythicas</span> <span class='ocrx_word' id='word_1_87' title='bbox 854 1241 990 1305; x_wconf 86' lang='lat' dir='ltr'>hospes</span> <span class='ocrx_word' id='word_1_88' title='bbox 1007 1232 1128 1287; x_wconf 56' lang='lat' dir='ltr'>amafe</span> <span class='ocrx_word' id='word_1_89' title='bbox 1147 1241 1255 1287; x_wconf 80' lang='lat' dir='ltr'>casas.</span> 
     </span>
     <span class='ocr_line' id='line_1_14' title="bbox 332 1313 1262 1369; baseline -0.003 -7"><span class='ocrx_word' id='word_1_90' title='bbox 332 1315 371 1362; x_wconf 84' lang='lat' dir='ltr'>Si</span> <span class='ocrx_word' id='word_1_91' title='bbox 389 1314 454 1362; x_wconf 80' lang='lat' dir='ltr'>tibi</span> <span class='ocrx_word' id='word_1_92' title='bbox 476 1334 578 1362; x_wconf 85' lang='lat' dir='ltr'>mens</span> <span class='ocrx_word' id='word_1_93' title='bbox 595 1316 724 1362; x_wconf 84' lang='lat' dir='ltr'>eadem</span> <span class='ocrx_word' id='word_1_94' title='bbox 738 1350 750 1369; x_wconf 87' lang='lat'><strong>‚</strong></span> <span class='ocrx_word' id='word_1_95' title='bbox 768 1314 794 1361; x_wconf 86' lang='lat' dir='ltr'>fi</span> <span class='ocrx_word' id='word_1_96' title='bbox 814 1314 924 1362; x_wconf 87' lang='lat' dir='ltr'>nostri</span> <span class='ocrx_word' id='word_1_97' title='bbox 941 1330 1064 1361; x_wconf 85' lang='lat' dir='ltr'>mutua</span> <span class='ocrx_word' id='word_1_98' title='bbox 1085 1332 1170 1360; x_wconf 83' lang='lat' dir='ltr'>cura</span> <span class='ocrx_word' id='word_1_99' title='bbox 1185 1313 1262 1367; x_wconf 82' lang='lat' dir='ltr'>est,</span> 
     </span>
     <span class='ocr_line' id='line_1_15' title="bbox 399 1386 1200 1454; baseline -0.002 -18"><span class='ocrx_word' id='word_1_100' title='bbox 399 1393 440 1436; x_wconf 84' lang='lat' dir='ltr'>In</span> <span class='ocrx_word' id='word_1_101' title='bbox 461 1407 689 1454; x_wconf 82' lang='lat' dir='ltr'>quocunque</span> <span class='ocrx_word' id='word_1_102' title='bbox 706 1390 799 1438; x_wconf 90' lang='lat' dir='ltr'>loco</span> <span class='ocrx_word' id='word_1_103' title='bbox 817 1393 934 1437; x_wconf 85' lang='lat' dir='ltr'><strong>Roma</strong></span> <span class='ocrx_word' id='word_1_104' title='bbox 951 1389 1101 1436; x_wconf 83' lang='lat' dir='ltr'>duobus</span> <span class='ocrx_word' id='word_1_105' title='bbox 1115 1386 1200 1435; x_wconf 83' lang='lat' dir='ltr'>erit.</span> 
     </span>
    </p>
   </div>
   <div class='ocr_carea' id='block_1_6' title="bbox 752 1577 1207 1623">
    <p class='ocr_par' dir='ltr' id='par_1_6' title="bbox 752 1577 1207 1623">
     <span class='ocr_line' id='line_1_16' title="bbox 752 1577 1207 1623; baseline -0.002 0"><span class='ocrx_word' id='word_1_106' title='bbox 752 1577 878 1623; x_wconf 85' lang='lat' dir='ltr'>XXI.</span> <span class='ocrx_word' id='word_1_107' title='bbox 913 1580 994 1623; x_wconf 77' lang='lat' dir='ltr'>Ad</span> <span class='ocrx_word' id='word_1_108' title='bbox 1014 1580 1207 1623; x_wconf 67' lang='lat' dir='ltr'>Sex-tum.</span> 
     </span>
    </p>
   </div>
   <div class='ocr_carea' id='block_1_7' title="bbox 335 1692 1371 2160">
    <p class='ocr_par' dir='ltr' id='par_1_7' title="bbox 336 1692 1371 1797">
     <span class='ocr_line' id='line_1_17' title="bbox 336 1692 1371 1797; baseline -0.004 -17"><span class='ocrx_word' id='word_1_109' title='bbox 336 1692 574 1780; x_wconf 71' lang='lat' dir='ltr'>Scmmzmz</span> <span class='ocrx_word' id='word_1_110' title='bbox 590 1747 628 1779; x_wconf 83' lang='lat' dir='ltr'>te</span> <span class='ocrx_word' id='word_1_111' title='bbox 643 1767 654 1785; x_wconf 83' lang='lat'><strong>‚</strong></span> <span class='ocrx_word' id='word_1_112' title='bbox 676 1750 759 1797; x_wconf 86' lang='lat' dir='ltr'>quae</span> <span class='ocrx_word' id='word_1_113' title='bbox 779 1732 841 1779; x_wconf 84' lang='lat' dir='ltr'>vix</span> <span class='ocrx_word' id='word_1_114' title='bbox 858 1731 1039 1797; x_wconf 74' lang='lat' dir='ltr'>intelligat</span> <span class='ocrx_word' id='word_1_115' title='bbox 1056 1732 1134 1797; x_wconf 77' lang='lat' dir='ltr'>ipse</span> <span class='ocrx_word' id='word_1_116' title='bbox 1151 1730 1371 1785; x_wconf 79' lang='lat' dir='ltr'>Modestus‚&#39;</span> 
     </span>
    </p>

    <p class='ocr_par' dir='ltr' id='par_1_8' title="bbox 335 1800 1298 1868">
     <span class='ocr_line' id='line_1_18' title="bbox 335 1800 1298 1868; baseline 0.002 -20"><span class='ocrx_word' id='word_1_117' title='bbox 335 1800 344 1808; x_wconf 77' lang='grc'><em>’</em></span> <span class='ocrx_word' id='word_1_118' title='bbox 402 1805 449 1850; x_wconf 89' lang='lat' dir='ltr'>Et</span> <span class='ocrx_word' id='word_1_119' title='bbox 466 1802 529 1850; x_wconf 84' lang='lat' dir='ltr'>vix</span> <span class='ocrx_word' id='word_1_120' title='bbox 546 1805 722 1851; x_wconf 83' lang='lat' dir='ltr'>Claranus</span> <span class='ocrx_word' id='word_1_121' title='bbox 734 1840 746 1859; x_wconf 89' lang='lat'><em>‚</em></span> <span class='ocrx_word' id='word_1_122' title='bbox 764 1804 853 1868; x_wconf 90' lang='lat' dir='ltr'>quid</span> <span class='ocrx_word' id='word_1_123' title='bbox 873 1822 972 1868; x_wconf 82' lang='lat' dir='ltr'>rogo</span> <span class='ocrx_word' id='word_1_124' title='bbox 988 1840 1000 1857; x_wconf 84' lang='lat'>‚</span> <span class='ocrx_word' id='word_1_125' title='bbox 1019 1807 1130 1851; x_wconf 83' lang='lat' dir='ltr'>Sexte</span> <span class='ocrx_word' id='word_1_126' title='bbox 1146 1841 1158 1859; x_wconf 84' lang='lat'>‚</span> <span class='ocrx_word' id='word_1_127' title='bbox 1174 1806 1298 1868; x_wconf 62' lang='lat' dir='ltr'>juvat?</span> 
     </span>
    </p>

    <p class='ocr_par' dir='ltr' id='par_1_9' title="bbox 335 1873 1326 2011">
     <span class='ocr_line' id='line_1_19' title="bbox 335 1873 1326 1940; baseline -0.002 -18"><span class='ocrx_word' id='word_1_128' title='bbox 335 1878 427 1922; x_wconf 88' lang='lat' dir='ltr'>Non</span> <span class='ocrx_word' id='word_1_129' title='bbox 445 1876 587 1923; x_wconf 69' lang='lat' dir='ltr'>leaore</span> <span class='ocrx_word' id='word_1_130' title='bbox 603 1875 673 1922; x_wconf 78' lang='lat' dir='ltr'>tuis</span> <span class='ocrx_word' id='word_1_131' title='bbox 690 1895 782 1940; x_wconf 88' lang='lat' dir='ltr'>opus</span> <span class='ocrx_word' id='word_1_132' title='bbox 802 1876 851 1922; x_wconf 87' lang='lat' dir='ltr'>est</span> <span class='ocrx_word' id='word_1_133' title='bbox 864 1910 878 1929; x_wconf 80' lang='grc'><em>,</em></span> <span class='ocrx_word' id='word_1_134' title='bbox 897 1876 960 1921; x_wconf 86' lang='lat' dir='ltr'>sed</span> <span class='ocrx_word' id='word_1_135' title='bbox 979 1873 1156 1939; x_wconf 76' lang='lat' dir='ltr'><strong>Apolline</strong></span> <span class='ocrx_word' id='word_1_136' title='bbox 1169 1911 1182 1929; x_wconf 82' lang='grc'><em>,</em></span> <span class='ocrx_word' id='word_1_137' title='bbox 1198 1873 1326 1922; x_wconf 74' lang='lat' dir='ltr'>libris:</span> 
     </span>
     <span class='ocr_line' id='line_1_20' title="bbox 403 1946 1142 2011; baseline -0.001 -15"><span class='ocrx_word' id='word_1_138' title='bbox 403 1947 529 1996; x_wconf 84' lang='lat' dir='ltr'>Judice</span> <span class='ocrx_word' id='word_1_139' title='bbox 547 1964 584 1995; x_wconf 88' lang='lat' dir='ltr'>te</span> <span class='ocrx_word' id='word_1_140' title='bbox 601 1949 719 2011; x_wconf 83' lang='lat' dir='ltr'>major</span> <span class='ocrx_word' id='word_1_141' title='bbox 738 1948 862 1994; x_wconf 84' lang='lat' dir='ltr'>Cinna</span> <span class='ocrx_word' id='word_1_142' title='bbox 878 1950 1040 1993; x_wconf 80' lang='lat' dir='ltr'>Marone</span> <span class='ocrx_word' id='word_1_143' title='bbox 1057 1946 1142 1995; x_wconf 78' lang='lat' dir='ltr'>fuit.</span> 
     </span>
    </p>

    <p class='ocr_par' dir='ltr' id='par_1_10' title="bbox 338 2019 1297 2160">
     <span class='ocr_line' id='line_1_21' title="bbox 338 2019 1266 2073; baseline -0.001 -6"><span class='ocrx_word' id='word_1_144' title='bbox 338 2021 397 2068; x_wconf 88' lang='lat' dir='ltr'>Sic</span> <span class='ocrx_word' id='word_1_145' title='bbox 415 2035 475 2066; x_wconf 82' lang='lat' dir='ltr'>tua</span> <span class='ocrx_word' id='word_1_146' title='bbox 493 2021 709 2069; x_wconf 81' lang='lat' dir='ltr'>laudentur:</span> <span class='ocrx_word' id='word_1_147' title='bbox 730 2022 814 2068; x_wconf 79' lang='lat' dir='ltr'>sane</span> <span class='ocrx_word' id='word_1_148' title='bbox 834 2039 914 2067; x_wconf 86' lang='lat' dir='ltr'>mea</span> <span class='ocrx_word' id='word_1_149' title='bbox 929 2019 1087 2066; x_wconf 76' lang='lat' dir='ltr'>carmina</span> <span class='ocrx_word' id='word_1_150' title='bbox 1100 2055 1113 2073; x_wconf 80' lang='lat'>‚</span> <span class='ocrx_word' id='word_1_151' title='bbox 1130 2023 1241 2066; x_wconf 75' lang='lat' dir='ltr'>Sexte</span> <span class='ocrx_word' id='word_1_152' title='bbox 1253 2056 1266 2073; x_wconf 90' lang='lat'>‚</span> 
     </span>
     <span class='ocr_line' id='line_1_22' title="bbox 404 2091 1297 2160; baseline -0.003 -20"><span class='ocrx_word' id='word_1_153' title='bbox 404 2094 658 2142; x_wconf 76' lang='lat' dir='ltr'>Grammaticis</span> <span class='ocrx_word' id='word_1_154' title='bbox 673 2094 865 2160; x_wconf 82' lang='lat' dir='ltr'>placeant,</span> <span class='ocrx_word' id='word_1_155' title='bbox 881 2093 922 2141; x_wconf 87' lang='lat'>&amp;</span> <span class='ocrx_word' id='word_1_156' title='bbox 939 2091 1012 2139; x_wconf 87' lang='lat' dir='ltr'>fine</span> <span class='ocrx_word' id='word_1_157' title='bbox 1029 2091 1297 2139; x_wconf 74' lang='lat' dir='ltr'>Grammaticis.</span> 
     </span>
    </p>
   </div>
   <div class='ocr_carea' id='block_1_8' title="bbox 1556 337 1618 380">
    <p class='ocr_par' dir='ltr' id='par_1_11' title="bbox 1556 337 1618 380">
     <span class='ocr_line' id='line_1_23' title="bbox 1556 337 1618 380; baseline 0 0"><span class='ocrx_word' id='word_1_158' title='bbox 1556 337 1618 380; x_wconf 57' lang='grc' dir='ltr'>ΩΦ</span> 
     </span>
    </p>
   </div>
   <div class='ocr_carea' id='block_1_9' title="bbox 1561 1400 1618 1432">
    <p class='ocr_par' dir='ltr' id='par_1_12' title="bbox 1561 1400 1618 1432">
     <span class='ocr_line' id='line_1_24' title="bbox 1561 1400 1618 1432; baseline -0.035 0"><span class='ocrx_word' id='word_1_159' title='bbox 1561 1400 1618 1432; x_wconf 76' lang='lat'>10</span> 
     </span>
    </p>
   </div>
  </div>
 </body>
</html>
