1716 2927
1311 103 1368 167 63

172 295 268 363 M.
312 293 550 363 VAL.
622 291 1299 362 MARTIALIS

102 494 1373 584 EPIGRAMMATUM

402 677 405 679 ⁵
476 719 820 774 LIBER
887 721 973 776 11.

196 1063 589 1108 MARTIALIS
640 1062 973 1108 DECIANO
1028 1062 1164 1106 SUO
1217 1062 1254 1106 S.

246 1240 334 1272 UID
367 1224 531 1282 nobis,
565 1223 746 1288 inquis,
778 1240 882 1271 cum
920 1221 1138 1285 epistola?
1163 1238 1380 1284 parumne

45 1356 48 1359 ι
101 1297 184 1344 tibi
208 1296 491 1359 praestamus,
513 1297 544 1342 s1
576 1295 763 1358 legimus
792 1295 1139 1359 epigrammata?
1176 1296 1283 1359 quid
1311 1296 1386 1344 hic

101 1386 245 1434 porro
272 1370 465 1417 dicimus
496 1386 540 1415 es
558 1405 571 1426 ‚
596 1369 721 1432 quod
752 1385 846 1414 non
872 1369 1006 1431 poffis
1038 1368 1236 1415 verfibus
1268 1369 1388 1414 dice-

102 1447 184 1492 re?
215 1446 362 1491 Video
383 1460 517 1506 quare
540 1443 733 1506 tragoedi
750 1442 982 1505 epistolam
1004 1442 1226 1503 accipiant
1244 1479 1258 1500 ,
1282 1441 1387 1505 qui-

102 1521 185 1567 bus
214 1535 299 1582 pro
327 1518 369 1563 se
393 1516 519 1577 loqui
545 1532 639 1561 non
670 1515 784 1561 licet.
822 1516 1140 1579 epigrammata
1176 1515 1385 1561 Curione

104 1609 201 1638 non
242 1607 405 1655 egent,
445 1592 494 1637 ὅτ.
531 1601 746 1636 contenta
786 1588 886 1635 sunt
923 1587 1028 1647 sua,
1061 1589 1104 1635 id
1141 1588 1236 1648 est,
1267 1589 1384 1635 mala

104 1664 268 1728 lingua.
298 1668 347 1711 ln
383 1678 653 1726 quacunque
682 1661 843 1725 pagina
871 1661 1017 1710 visum
1043 1661 1133 1719 est,
1155 1662 1388 1724 epistolam

106 1735 290 1782 faciunt.
319 1734 431 1779 Noli
461 1750 568 1797 ergo
586 1770 600 1791 ‚
630 1732 662 1778 fi
689 1733 772 1778 tibi
803 1732 983 1780 videtur
1001 1769 1015 1791 ‚
1037 1750 1132 1779 rem
1162 1732 1308 1780 facere
1329 1734 1390 1779 ri-

105 1808 299 1854 diculam
321 1844 335 1866 ‚
364 1809 414 1854 &
452 1807 498 1852 in
542 1820 647 1870 toga
684 1806 857 1853 saltanti
893 1807 1104 1854 inducere
1136 1807 1387 1870 personam.

105 1881 319 1942 Denique
356 1878 553 1938 videris,
580 1896 636 1924 an
666 1891 710 1925 te
746 1879 931 1926 delectet
966 1894 1126 1927 contra
1158 1881 1388 1926 retiarium

104 1950 260 1998 ferula.
302 1955 397 2014 Ego
425 1951 541 1998 inter
575 1952 678 1998 illos
708 1951 837 1998 sedeo
858 1988 872 2010 ‚
899 1953 978 2016 qui
1010 1954 1216 2016 protinus
1246 1954 1389 2001 recla-

107 2040 243 2082 mant.
296 2029 411 2074 Puto
459 2045 528 2073 me
559 2028 739 2074 hercule
760 2064 774 2084 ‚
810 2029 1043 2088 Decime,
1065 2047 1226 2077 verum
1265 2030 1392 2075 dicis.

109 2101 264 2160 Quid,
294 2101 325 2146 fi
354 2100 460 2147 scias
479 2137 492 2158 ‚
519 2118 620 2146 cum
648 2118 767 2164 qua,
790 2102 840 2148 &
870 2119 1004 2165 quam
1035 2102 1171 2166 longa
1202 2100 1389 2164 epistola

109 2174 341 2236 negotium
356 2172 497 2219 fueras
516 2173 745 2219 habiturus
762 2173 778 2219 ?
796 2176 962 2236 Itaque,
978 2175 1102 2237 quod
1121 2175 1278 2237 exigis,
1298 2172 1389 2221 fiat.

109 2245 356 2294 Debebunt
384 2247 494 2303 tibi,
515 2246 546 2291 fi
583 2247 659 2309 qui
692 2247 738 2292 in
769 2246 888 2292 hunc
921 2247 1085 2293 librum
1116 2247 1388 2303 inciderint,

71 2353 78 2362 ,
110 2319 238 2383 quod
260 2321 314 2365 ad
338 2320 525 2382 primam
556 2320 767 2385 paginam
791 2337 889 2368 non
919 2321 1010 2367 laffi
1041 2319 1324 2383 pervenient.
