1716 2927
244 173 935 226 EPIGRAMMAT'UJM
964 179 1013 228 L.
1054 186 1100 224 V

419 360 516 407 LX„
549 365 598 409 A
600 364 632 408 d
646 364 922 414 decrac‘lorefm

823 484 841 507 Ι

54 485 329 572 ALLATRES
346 524 435 571 licet
451 525 567 588 usque
588 543 658 572 nos
675 525 715 573 δι
734 526 845 590 usquc
859 563 874 581 ‚
904 564 907 566 .

54 601 101 644 Et
119 598 329 663 gannitibus
349 597 529 662 improbis
545 597 713 644 lacessas.

54 671 209 715 Certum
233 667 283 714 est
300 667 391 713 hanc
410 667 478 713 tibi
496 684 704 731 pernegare
721 668 875 723 fama-„m

52 741 157 788 Olim
181 757 288 805 quam
306 737 402 803 petis
419 738 458 786 in
479 738 571 786 meis
590 738 756 794 libellis,

26 831 28 833 ’
51 814 333 877 Qualiscunque
352 812 486 878 legaris
505 830 545 860 ut
561 830 629 876 per
647 813 792 862 orbem.

55 891 152 934 Nam
169 903 205 934 te
234 905 298 933 cur
314 886 446 951 aliquis
463 885 550 934 sciat
567 886 696 934 fuiffe.
686 893 701 922 ἓ

53 964 213 1026 Ignotus
234 978 383 1024 pereas,
399 960 526 1015 miser,
543 961 687 1023 necesse
709 960 774 1008 est.

57 1032 151 1077 Non
178 1032 335 1077 deerunt
355 1047 474 1078 tamen
494 1030 589 1078 hac
581 1051 617 1079 ιη
637 1020 727 1079 urbe
744 1031 865 1080 forsan

56 1107 187 1160 Unus,
204 1106 264 1152 vel
284 1106 390 1160 duo,
409 1106 556 1162 tresve,
574 1123 808 1171 quatuorve,

56 1178 200 1224 Pellem
219 1179 355 1226 rodere
376 1179 439 1243 qui
457 1179 572 1227 velint
592 1181 770 1230 caninam.

58 1253 141 1299 Nos
160 1251 227 1298 hac
244 1271 264 1298 a
280 1251 401 1299 scabie
420 1269 586 1301 tenemus
604 1272 761 1320 ungues.

451 1445 566 1491 LXI.
602 1446 658 1491 In*
685 1447 948 1493 Marianum&

62 1566 350 1655 Cmspums
368 1600 434 1649 iste
453 1603 534 1666 quis
554 1603 629 1657 est,
649 1603 760 1651 uxori
778 1603 923 1670 semper
943 1604 1102 1653 adhaeret

133 1675 236 1737 Qui,
254 1673 450 1729 Matiane,
467 1681 565 1721 tuae?
583 1674 764 1740 crispulus
784 1676 846 1723 iste
860 1677 946 1757 quis
963 1677 1032 1724 est.
1025 1685 1039 1713 ³

61 1749 202 1796 'Nescio
220 1745 308 1810 quid
328 1746 490 1793 dominae
508 1762 674 1794 teneram
694 1747 757 1811 qui
775 1749 885 1813 garrit
903 1748 941 1796 in
959 1768 1082 1797 aurem
1097 1785 1109 1805 a

131 1824 178 1869 Et
194 1821 319 1868 sellam
338 1819 466 1866 cubito
484 1819 699 1867 dexteriore
718 1821 882 1885 premit?

64 1900 136 1944 Per
152 1896 254 1957 cujus
271 1893 410 1957 digitos
430 1891 541 1939 currit
558 1891 650 1940 levis
667 1894 824 1940 annulus
843 1912 974 1942 omnes
992 1916 1002 1941 ε

145 1971 263 2015 Crura
281 1965 378 2030 gerit
396 1966 501 2013 nullo
524 1965 587 2030 qui
604 1965 740 2013 violata
759 1965 870 2029 pilo?

68 2041 134 2090 Nil
152 2040 240 2088 mihi
260 2039 490 2103 respondes?
507 2038 634 2085 uxoris
655 2056 711 2084 res
728 2038 829 2102 agit,
849 2037 970 2102 inquis
984 2076 997 2094 ‚

135 2117 202 2163 Iste
221 2132 336 2162 meae:
357 2113 442 2159 sane
459 2129 601 2167 certus,
619 2111 658 2159 &
676 2113 780 2176 asper
797 2112 914 2159 homo
932 2113 983 2158 est
996 2148 1009 2167 ,,

71 2195 355 2239 Procuratorem
376 2187 478 2234 vultu
497 2186 560 2250 qui
582 2186 754 2250 praeferat
772 2186 878 2250 ipso:

139 2263 274 2311 Acrior
289 2263 366 2310 'hoc
385 2261 498 2308 Chius
519 2279 596 2308 non
615 2276 693 2307 erat
712 2259 892 2307 Aufidius.

73 2340 110 2386 O
130 2348 239 2400 quam
258 2335 389 2400 dignus
408 2353 485 2382 eras
505 2334 617 2398 alapis
632 2369 644 2387 ,
663 2333 857 2390 Matiane,
877 2333 1015 2381 Latini:

137 2411 196 2456 Te
211 2409 451 2457 successurum
470 2408 584 2456 credo
603 2424 679 2471 ego
702 2406 917 2480 Panniculo.

959 2481 1056 2526 ΝΩ

1254 181 1337 250 195

1297 1204 1351 1233 11ss

1298 2273 1357 2305 ΚΦ
