<?xml version="1.0" encoding="UTF-8"?>
<!DOCTYPE html PUBLIC "-//W3C//DTD XHTML 1.0 Transitional//EN"
    "http://www.w3.org/TR/xhtml1/DTD/xhtml1-transitional.dtd">
<html xmlns="http://www.w3.org/1999/xhtml" xml:lang="en" lang="en">
 <head>
  <title>
</title>
<meta http-equiv="Content-Type" content="text/html;charset=utf-8" />
  <meta name='ocr-system' content='tesseract 3.04.00' />
  <meta name='ocr-capabilities' content='ocr_page ocr_carea ocr_par ocr_line ocrx_word'/>
</head>
<body>
  <div class='ocr_page' id='page_1' title='image "./epigrammataadopt00martuoft_0010.png"; bbox 0 0 1767 2881; ppageno 0'>
   <div class='ocr_carea' id='block_1_1' title="bbox 315 119 1326 167">
    <p class='ocr_par' dir='ltr' id='par_1_1' title="bbox 315 119 1326 167">
     <span class='ocr_line' id='line_1_1' title="bbox 315 119 1326 167; baseline -0.004 0"><span class='ocrx_word' id='word_1_1' title='bbox 315 132 372 167; x_wconf 72' lang='lat' dir='ltr'><strong>w</strong></span> <span class='ocrx_word' id='word_1_2' title='bbox 582 121 646 165; x_wconf 94' lang='lat' dir='ltr'>M.</span> <span class='ocrx_word' id='word_1_3' title='bbox 684 121 848 165; x_wconf 77' lang='lat' dir='ltr'><em>VAL.</em></span> <span class='ocrx_word' id='word_1_4' title='bbox 879 119 1326 165; x_wconf 88' lang='lat' dir='ltr'><em>MARTIALIS</em></span> 
     </span>
    </p>
   </div>
   <div class='ocr_carea' id='block_1_2' title="bbox 382 263 1435 408">
    <p class='ocr_par' dir='ltr' id='par_1_2' title="bbox 382 263 1435 408">
     <span class='ocr_line' id='line_1_2' title="bbox 382 263 1435 327; baseline 0 -17"><span class='ocrx_word' id='word_1_5' title='bbox 382 267 500 327; x_wconf 79' lang='lat' dir='ltr'>Quot</span> <span class='ocrx_word' id='word_1_6' title='bbox 529 265 634 309; x_wconf 75' lang='lat' dir='ltr'>mihi</span> <span class='ocrx_word' id='word_1_7' title='bbox 663 264 840 325; x_wconf 69' lang='lat' dir='ltr'>Caeshreo</span> <span class='ocrx_word' id='word_1_8' title='bbox 861 263 1095 323; x_wconf 62' lang='lat' dir='ltr'>fac‘lifimt</span> <span class='ocrx_word' id='word_1_9' title='bbox 1118 280 1279 310; x_wconf 76' lang='lat' dir='ltr'>munere</span> <span class='ocrx_word' id='word_1_10' title='bbox 1302 265 1435 323; x_wconf 81' lang='lat' dir='ltr'>cives,</span> 
     </span>
     <span class='ocr_line' id='line_1_3' title="bbox 448 344 1341 408; baseline 0 -15"><span class='ocrx_word' id='word_1_11' title='bbox 448 349 536 393; x_wconf 83' lang='lat' dir='ltr'>Nec</span> <span class='ocrx_word' id='word_1_12' title='bbox 549 345 743 406; x_wconf 84' lang='lat' dir='ltr'>famulos</span> <span class='ocrx_word' id='word_1_13' title='bbox 762 348 929 391; x_wconf 79' lang='lat' dir='ltr'>totidem</span> <span class='ocrx_word' id='word_1_14' title='bbox 946 346 1138 406; x_wconf 67' lang='lat' dir='ltr'>fizſjoicor</span> <span class='ocrx_word' id='word_1_15' title='bbox 1153 344 1227 408; x_wconf 81' lang='lat' dir='ltr'>effe</span> <span class='ocrx_word' id='word_1_16' title='bbox 1251 347 1341 393; x_wconf 79' lang='lat' dir='ltr'><em>tibi.</em></span> 
     </span>
    </p>
   </div>
   <div class='ocr_carea' id='block_1_3' title="bbox 313 472 1601 1033">
    <p class='ocr_par' dir='ltr' id='par_1_3' title="bbox 313 472 1601 1033">
     <span class='ocr_line' id='line_1_4' title="bbox 313 472 1596 538; baseline -0.005 -14"><span class='ocrx_word' id='word_1_17' title='bbox 313 492 396 524; x_wconf 85' lang='lat' dir='ltr'>nec</span> <span class='ocrx_word' id='word_1_18' title='bbox 431 474 593 521; x_wconf 49' lang='lat' dir='ltr'>fabium</span> <span class='ocrx_word' id='word_1_19' title='bbox 614 510 627 529; x_wconf 88' lang='lat'>‚</span> <span class='ocrx_word' id='word_1_20' title='bbox 657 473 730 520; x_wconf 83' lang='lat' dir='ltr'>sed</span> <span class='ocrx_word' id='word_1_21' title='bbox 768 484 948 521; x_wconf 88' lang='lat' dir='ltr'>natum:</span> <span class='ocrx_word' id='word_1_22' title='bbox 984 472 1158 538; x_wconf 82' lang='lat' dir='ltr'>alioqui</span> <span class='ocrx_word' id='word_1_23' title='bbox 1196 484 1439 536; x_wconf 87' lang='lat' dir='ltr'>patronum</span> <span class='ocrx_word' id='word_1_24' title='bbox 1471 472 1596 521; x_wconf 83' lang='lat' dir='ltr'>suum</span> 
     </span>
     <span class='ocr_line' id='line_1_5' title="bbox 315 548 1599 607; baseline -0.003 -1"><span class='ocrx_word' id='word_1_25' title='bbox 315 557 510 607; x_wconf 80' lang='lat' dir='ltr'>carmine</span> <span class='ocrx_word' id='word_1_26' title='bbox 530 556 753 605; x_wconf 69' lang='lat' dir='ltr'>iandaffet.</span> <span class='ocrx_word' id='word_1_27' title='bbox 790 548 946 603; x_wconf 35' lang='lat' dir='ltr'>Facilis·</span> <span class='ocrx_word' id='word_1_28' title='bbox 981 572 1097 603; x_wconf 89' lang='lat' dir='ltr'>vero</span> <span class='ocrx_word' id='word_1_29' title='bbox 1128 567 1221 602; x_wconf 87' lang='lat' dir='ltr'>erat</span> <span class='ocrx_word' id='word_1_30' title='bbox 1250 568 1344 602; x_wconf 87' lang='lat' dir='ltr'>tum</span> <span class='ocrx_word' id='word_1_31' title='bbox 1372 556 1514 603; x_wconf 84' lang='lat' dir='ltr'>aditus</span> <span class='ocrx_word' id='word_1_32' title='bbox 1542 555 1599 603; x_wconf 89' lang='lat' dir='ltr'>ad</span> 
     </span>
     <span class='ocr_line' id='line_1_6' title="bbox 314 637 1600 703; baseline -0.002 -16"><span class='ocrx_word' id='word_1_33' title='bbox 314 640 384 703; x_wconf 77' lang='lat' dir='ltr'>jus</span> <span class='ocrx_word' id='word_1_34' title='bbox 417 639 618 688; x_wconf 61' lang='lat' dir='ltr'>‘civitatis</span> <span class='ocrx_word' id='word_1_35' title='bbox 637 674 651 697; x_wconf 92' lang='lat'>‚</span> <span class='ocrx_word' id='word_1_36' title='bbox 681 638 807 702; x_wconf 86' lang='lat' dir='ltr'>quod</span> <span class='ocrx_word' id='word_1_37' title='bbox 838 637 1052 685; x_wconf 83' lang='lat' dir='ltr'>Claudius</span> <span class='ocrx_word' id='word_1_38' title='bbox 1080 649 1171 684; x_wconf 88' lang='lat' dir='ltr'>tam</span> <span class='ocrx_word' id='word_1_39' title='bbox 1202 637 1295 684; x_wconf 80' lang='lat' dir='ltr'>vile</span> <span class='ocrx_word' id='word_1_40' title='bbox 1327 638 1516 695; x_wconf 83' lang='lat' dir='ltr'>fecerat,</span> <span class='ocrx_word' id='word_1_41' title='bbox 1547 649 1600 685; x_wconf 87' lang='lat' dir='ltr'>ut</span> 
     </span>
     <span class='ocr_line' id='line_1_7' title="bbox 316 720 1599 783; baseline -0.003 -13"><span class='ocrx_word' id='word_1_42' title='bbox 316 723 471 771; x_wconf 71' lang='lat' dir='ltr'>vitreis</span> <span class='ocrx_word' id='word_1_43' title='bbox 510 722 654 769; x_wconf 70' lang='lat' dir='ltr'>fraffis</span> <span class='ocrx_word' id='word_1_44' title='bbox 696 720 839 783; x_wconf 83' lang='lat' dir='ltr'>vulgo</span> <span class='ocrx_word' id='word_1_45' title='bbox 885 720 1109 768; x_wconf 83' lang='lat' dir='ltr'>diceretur</span> <span class='ocrx_word' id='word_1_46' title='bbox 1161 720 1263 767; x_wconf 89' lang='lat' dir='ltr'>emi.</span> <span class='ocrx_word' id='word_1_47' title='bbox 1312 721 1443 767; x_wconf 87' lang='lat' dir='ltr'>Otho</span> <span class='ocrx_word' id='word_1_48' title='bbox 1479 737 1599 767; x_wconf 87' lang='lat' dir='ltr'>vero</span> 
     </span>
     <span class='ocr_line' id='line_1_8' title="bbox 315 802 1598 869; baseline -0.001 -18"><span class='ocrx_word' id='word_1_49' title='bbox 315 805 561 869; x_wconf 73' lang='lat' dir='ltr'><strong>peregrinis</strong></span> <span class='ocrx_word' id='word_1_50' title='bbox 595 804 727 851; x_wconf 84' lang='lat' dir='ltr'>etiam</span> <span class='ocrx_word' id='word_1_51' title='bbox 760 803 952 850; x_wconf 85' lang='lat' dir='ltr'>donavit</span> <span class='ocrx_word' id='word_1_52' title='bbox 972 839 985 862; x_wconf 89' lang='lat'><strong>,</strong></span> <span class='ocrx_word' id='word_1_53' title='bbox 1016 815 1066 854; x_wconf 86' lang='lat' dir='ltr'>ut</span> <span class='ocrx_word' id='word_1_54' title='bbox 1091 802 1189 849; x_wconf 91' lang='lat' dir='ltr'>Dio</span> <span class='ocrx_word' id='word_1_55' title='bbox 1233 803 1279 848; x_wconf 90' lang='lat' dir='ltr'>in</span> <span class='ocrx_word' id='word_1_56' title='bbox 1313 803 1508 850; x_wconf 87' lang='lat' dir='ltr'>Claudio</span> <span class='ocrx_word' id='word_1_57' title='bbox 1546 804 1598 850; x_wconf 70' lang='grc' dir='ltr'>δε</span> 
     </span>
     <span class='ocr_line' id='line_1_9' title="bbox 318 884 1601 950; baseline -0.002 -16"><span class='ocrx_word' id='word_1_58' title='bbox 318 888 507 934; x_wconf 83' lang='lat' dir='ltr'>Othone</span> <span class='ocrx_word' id='word_1_59' title='bbox 536 887 735 934; x_wconf 84' lang='lat' dir='ltr'>testatum</span> <span class='ocrx_word' id='word_1_60' title='bbox 764 885 958 949; x_wconf 84' lang='lat' dir='ltr'>reliquit.</span> <span class='ocrx_word' id='word_1_61' title='bbox 993 884 1165 932; x_wconf 82' lang='lat' dir='ltr'>Bilbilis</span> <span class='ocrx_word' id='word_1_62' title='bbox 1195 885 1380 933; x_wconf 88' lang='lat' dir='ltr'>colonia</span> <span class='ocrx_word' id='word_1_63' title='bbox 1403 884 1601 950; x_wconf 84' lang='lat' dir='ltr'>Augusta</span> 
     </span>
     <span class='ocr_line' id='line_1_10' title="bbox 320 968 1395 1033; baseline -0.001 -16"><span class='ocrx_word' id='word_1_64' title='bbox 320 970 435 1017; x_wconf 69' lang='lat' dir='ltr'>di&amp;a</span> <span class='ocrx_word' id='word_1_65' title='bbox 455 969 547 1027; x_wconf 87' lang='lat' dir='ltr'>est,</span> <span class='ocrx_word' id='word_1_66' title='bbox 571 980 621 1015; x_wconf 89' lang='lat' dir='ltr'>ut</span> <span class='ocrx_word' id='word_1_67' title='bbox 644 969 735 1032; x_wconf 82' lang='lat' dir='ltr'>ipse</span> <span class='ocrx_word' id='word_1_68' title='bbox 755 968 908 1033; x_wconf 80' lang='lat' dir='ltr'>scribit</span> <span class='ocrx_word' id='word_1_69' title='bbox 939 968 1015 1015; x_wconf 85' lang='lat' dir='ltr'>lib.</span> <span class='ocrx_word' id='word_1_70' title='bbox 1039 969 1087 1015; x_wconf 94' lang='lat' dir='ltr'>X</span> <span class='ocrx_word' id='word_1_71' title='bbox 1115 969 1253 1033; x_wconf 78' lang='lat' dir='ltr'>epigr.</span> <span class='ocrx_word' id='word_1_72' title='bbox 1293 984 1395 1031; x_wconf 82' lang='lat'>103.</span> 
     </span>
    </p>
   </div>
   <div class='ocr_carea' id='block_1_4' title="bbox 387 1111 1445 1239">
    <p class='ocr_par' dir='ltr' id='par_1_4' title="bbox 387 1111 1445 1239">
     <span class='ocr_line' id='line_1_11' title="bbox 387 1111 1445 1178; baseline -0.002 -20"><span class='ocrx_word' id='word_1_73' title='bbox 387 1113 649 1172; x_wconf 79' lang='lat' dir='ltr'>Municipes,</span> <span class='ocrx_word' id='word_1_74' title='bbox 682 1113 871 1178; x_wconf 71' lang='lat' dir='ltr'>Augzfia</span> <span class='ocrx_word' id='word_1_75' title='bbox 896 1114 1001 1157; x_wconf 75' lang='lat' dir='ltr'>mihi</span> <span class='ocrx_word' id='word_1_76' title='bbox 1026 1129 1127 1173; x_wconf 80' lang='lat' dir='ltr'>quos</span> <span class='ocrx_word' id='word_1_77' title='bbox 1151 1113 1340 1158; x_wconf 75' lang='lat' dir='ltr'><em>Bilbilis</em></span> <span class='ocrx_word' id='word_1_78' title='bbox 1356 1111 1445 1157; x_wconf 84' lang='lat' dir='ltr'>acri</span> 
     </span>
     <span class='ocr_line' id='line_1_12' title="bbox 449 1198 734 1239; baseline -0.004 0"><span class='ocrx_word' id='word_1_79' title='bbox 449 1198 598 1239; x_wconf 79' lang='lat' dir='ltr'>Monte</span> <span class='ocrx_word' id='word_1_80' title='bbox 627 1210 734 1239; x_wconf 77' lang='lat' dir='ltr'>creat</span> 
     </span>
    </p>
   </div>
   <div class='ocr_carea' id='block_1_5' title="bbox 308 1314 1618 2370">
    <p class='ocr_par' dir='ltr' id='par_1_5' title="bbox 308 1314 1618 2370">
     <span class='ocr_line' id='line_1_13' title="bbox 308 1314 1606 1378; baseline 0 -13"><span class='ocrx_word' id='word_1_81' title='bbox 308 1319 374 1376; x_wconf 40' lang='grc' dir='ltr'>,δε</span> <span class='ocrx_word' id='word_1_82' title='bbox 394 1315 530 1363; x_wconf 85' lang='lat' dir='ltr'>exstat</span> <span class='ocrx_word' id='word_1_83' title='bbox 557 1316 606 1362; x_wconf 91' lang='lat' dir='ltr'>in</span> <span class='ocrx_word' id='word_1_84' title='bbox 638 1314 813 1362; x_wconf 87' lang='lat' dir='ltr'>Tiberii</span> <span class='ocrx_word' id='word_1_85' title='bbox 844 1319 954 1378; x_wconf 82' lang='lat' dir='ltr'>Imp.</span> <span class='ocrx_word' id='word_1_86' title='bbox 979 1333 1097 1377; x_wconf 77' lang='lat' dir='ltr'>aereo</span> <span class='ocrx_word' id='word_1_87' title='bbox 1129 1334 1318 1364; x_wconf 90' lang='lat' dir='ltr'>nummo</span> <span class='ocrx_word' id='word_1_88' title='bbox 1352 1318 1606 1365; x_wconf 76' lang='lat' dir='ltr'>AUGUSTA</span> 
     </span>
     <span class='ocr_line' id='line_1_14' title="bbox 322 1388 1612 1463; baseline 0 -17"><span class='ocrx_word' id='word_1_89' title='bbox 322 1402 552 1447; x_wconf 79' lang='lat' dir='ltr'><strong>BlLsslLIS.</strong></span> <span class='ocrx_word' id='word_1_90' title='bbox 565 1388 857 1460; x_wconf 72' lang='lat' dir='ltr'>Vespasianus</span> <span class='ocrx_word' id='word_1_91' title='bbox 875 1409 1020 1449; x_wconf 81' lang='lat' dir='ltr'>autem</span> <span class='ocrx_word' id='word_1_92' title='bbox 1038 1397 1186 1444; x_wconf 86' lang='lat' dir='ltr'>Plinio</span> <span class='ocrx_word' id='word_1_93' title='bbox 1204 1399 1310 1445; x_wconf 87' lang='lat' dir='ltr'>teste</span> <span class='ocrx_word' id='word_1_94' title='bbox 1330 1399 1406 1445; x_wconf 86' lang='lat' dir='ltr'>lib.</span> <span class='ocrx_word' id='word_1_95' title='bbox 1422 1402 1479 1446; x_wconf 87' lang='lat'>111</span> <span class='ocrx_word' id='word_1_96' title='bbox 1494 1417 1530 1446; x_wconf 89' lang='lat' dir='ltr'>c.</span> <span class='ocrx_word' id='word_1_97' title='bbox 1555 1399 1612 1463; x_wconf 51' lang='lat'>3‚‘</span> 
     </span>
     <span class='ocr_line' id='line_1_15' title="bbox 328 1478 1610 1544; baseline 0.001 -15"><span class='ocrx_word' id='word_1_98' title='bbox 328 1479 552 1530; x_wconf 84' lang='lat' dir='ltr'>universae</span> <span class='ocrx_word' id='word_1_99' title='bbox 572 1479 878 1543; x_wconf 82' lang='lat' dir='ltr'>Hispaniaejus</span> <span class='ocrx_word' id='word_1_100' title='bbox 897 1480 1014 1526; x_wconf 87' lang='lat' dir='ltr'>Latii</span> <span class='ocrx_word' id='word_1_101' title='bbox 1032 1478 1152 1526; x_wconf 82' lang='lat' dir='ltr'>dedit&#39;</span> <span class='ocrx_word' id='word_1_102' title='bbox 1171 1516 1184 1537; x_wconf 83' lang='lat'><strong>‚</strong></span> <span class='ocrx_word' id='word_1_103' title='bbox 1205 1479 1434 1528; x_wconf 85' lang='lat' dir='ltr'>civitatem</span> <span class='ocrx_word' id='word_1_104' title='bbox 1455 1482 1610 1544; x_wconf 82' lang='lat' dir='ltr'>postea</span> 
     </span>
     <span class='ocr_line' id='line_1_16' title="bbox 331 1562 1612 1626; baseline 0.001 -15"><span class='ocrx_word' id='word_1_105' title='bbox 331 1563 603 1611; x_wconf 72' lang='lat' dir='ltr'><strong>Caracallus.</strong></span> <span class='ocrx_word' id='word_1_106' title='bbox 650 1562 795 1610; x_wconf 86' lang='lat' dir='ltr'>Marci</span> <span class='ocrx_word' id='word_1_107' title='bbox 829 1579 936 1626; x_wconf 82' lang='lat' dir='ltr'>ergo</span> <span class='ocrx_word' id='word_1_108' title='bbox 975 1563 1023 1609; x_wconf 89' lang='lat'>&amp;</span> <span class='ocrx_word' id='word_1_109' title='bbox 1058 1562 1229 1609; x_wconf 87' lang='lat' dir='ltr'>Valerii</span> <span class='ocrx_word' id='word_1_110' title='bbox 1264 1563 1448 1610; x_wconf 87' lang='lat' dir='ltr'>nomina</span> <span class='ocrx_word' id='word_1_111' title='bbox 1482 1581 1612 1612; x_wconf 81' lang='lat' dir='ltr'>more</span> 
     </span>
     <span class='ocr_line' id='line_1_17' title="bbox 331 1644 1614 1708; baseline -0.001 -14"><span class='ocrx_word' id='word_1_112' title='bbox 331 1646 501 1695; x_wconf 88' lang='lat' dir='ltr'>civium</span> <span class='ocrx_word' id='word_1_113' title='bbox 549 1647 864 1692; x_wconf 85' lang='lat' dir='ltr'>Romanorum</span> <span class='ocrx_word' id='word_1_114' title='bbox 885 1681 902 1702; x_wconf 91' lang='lat'><strong><em>,</em></strong></span> <span class='ocrx_word' id='word_1_115' title='bbox 936 1644 1016 1708; x_wconf 87' lang='lat' dir='ltr'>qui</span> <span class='ocrx_word' id='word_1_116' title='bbox 1062 1661 1323 1707; x_wconf 76' lang='lat' dir='ltr'>praenomen</span> <span class='ocrx_word' id='word_1_117' title='bbox 1347 1680 1361 1701; x_wconf 86' lang='lat'><strong>‚</strong></span> <span class='ocrx_word' id='word_1_118' title='bbox 1397 1662 1564 1693; x_wconf 90' lang='lat' dir='ltr'>nomen</span> <span class='ocrx_word' id='word_1_119' title='bbox 1594 1684 1614 1706; x_wconf 90' lang='lat'><strong><em>,</em></strong></span> 
     </span>
     <span class='ocr_line' id='line_1_18' title="bbox 333 1726 1614 1792; baseline 0.001 -16"><span class='ocrx_word' id='word_1_120' title='bbox 333 1743 590 1792; x_wconf 85' lang='lat' dir='ltr'>cognomen</span> <span class='ocrx_word' id='word_1_121' title='bbox 611 1727 839 1785; x_wconf 82' lang='lat' dir='ltr'>ferebant,</span> <span class='ocrx_word' id='word_1_122' title='bbox 863 1726 943 1774; x_wconf 86' lang='lat' dir='ltr'>fibi</span> <span class='ocrx_word' id='word_1_123' title='bbox 964 1742 1099 1789; x_wconf 87' lang='lat' dir='ltr'>poeta</span> <span class='ocrx_word' id='word_1_124' title='bbox 1116 1727 1249 1791; x_wconf 79' lang='lat' dir='ltr'>legit,</span> <span class='ocrx_word' id='word_1_125' title='bbox 1269 1727 1483 1775; x_wconf 86' lang='lat' dir='ltr'>arbitratu</span> <span class='ocrx_word' id='word_1_126' title='bbox 1507 1746 1614 1777; x_wconf 88' lang='lat' dir='ltr'>reor</span> 
     </span>
     <span class='ocr_line' id='line_1_19' title="bbox 334 1809 1615 1873; baseline 0.002 -16"><span class='ocrx_word' id='word_1_127' title='bbox 334 1810 431 1857; x_wconf 87' lang='lat' dir='ltr'>suo.</span> <span class='ocrx_word' id='word_1_128' title='bbox 454 1810 599 1857; x_wconf 90' lang='lat' dir='ltr'>Marci</span> <span class='ocrx_word' id='word_1_129' title='bbox 624 1810 741 1856; x_wconf 86' lang='lat' dir='ltr'>forte</span> <span class='ocrx_word' id='word_1_130' title='bbox 772 1811 822 1857; x_wconf 87' lang='lat'>&amp;</span> <span class='ocrx_word' id='word_1_131' title='bbox 851 1810 1065 1858; x_wconf 81' lang='lat' dir='ltr'>Martialis</span> <span class='ocrx_word' id='word_1_132' title='bbox 1083 1845 1097 1869; x_wconf 94' lang='lat'>‚</span> <span class='ocrx_word' id='word_1_133' title='bbox 1126 1810 1250 1873; x_wconf 66' lang='lat' dir='ltr'>quo‘d</span> <span class='ocrx_word' id='word_1_134' title='bbox 1276 1809 1423 1857; x_wconf 86' lang='lat' dir='ltr'>mense</span> <span class='ocrx_word' id='word_1_135' title='bbox 1454 1812 1615 1859; x_wconf 82' lang='lat' dir='ltr'>Martis</span> 
     </span>
     <span class='ocr_line' id='line_1_20' title="bbox 335 1892 1613 1952; baseline 0.001 -13"><span class='ocrx_word' id='word_1_136' title='bbox 335 1892 439 1939; x_wconf 82' lang='lat' dir='ltr'>effet</span> <span class='ocrx_word' id='word_1_137' title='bbox 467 1893 625 1939; x_wconf 86' lang='lat' dir='ltr'>editus.</span> <span class='ocrx_word' id='word_1_138' title='bbox 657 1892 725 1938; x_wconf 80' lang='lat' dir='ltr'>nli</span> <span class='ocrx_word' id='word_1_139' title='bbox 758 1892 877 1939; x_wconf 86' lang='lat' dir='ltr'>enim</span> <span class='ocrx_word' id='word_1_140' title='bbox 905 1893 1077 1949; x_wconf 84' lang='lat' dir='ltr'>Marci,</span> <span class='ocrx_word' id='word_1_141' title='bbox 1111 1906 1160 1939; x_wconf 86' lang='lat' dir='ltr'>ut</span> <span class='ocrx_word' id='word_1_142' title='bbox 1189 1908 1365 1940; x_wconf 86' lang='lat' dir='ltr'>veteres</span> <span class='ocrx_word' id='word_1_143' title='bbox 1396 1893 1613 1952; x_wconf 83' lang='lat' dir='ltr'>tradunt,</span> 
     </span>
     <span class='ocr_line' id='line_1_21' title="bbox 338 1975 1612 2023; baseline 0 -1"><span class='ocrx_word' id='word_1_144' title='bbox 338 1975 635 2023; x_wconf 83' lang='lat' dir='ltr'>vocabantur.</span> <span class='ocrx_word' id='word_1_145' title='bbox 673 1975 839 2021; x_wconf 84' lang='lat' dir='ltr'>Valerii</span> <span class='ocrx_word' id='word_1_146' title='bbox 882 1992 1052 2022; x_wconf 87' lang='lat' dir='ltr'>nomen</span> <span class='ocrx_word' id='word_1_147' title='bbox 1084 1977 1160 2023; x_wconf 89' lang='lat' dir='ltr'>vel</span> <span class='ocrx_word' id='word_1_148' title='bbox 1193 1993 1217 2022; x_wconf 90' lang='lat' dir='ltr'>a</span> <span class='ocrx_word' id='word_1_149' title='bbox 1247 1978 1494 2022; x_wconf 83' lang='lat' dir='ltr'>Maecenate</span> <span class='ocrx_word' id='word_1_150' title='bbox 1529 1975 1612 2022; x_wconf 84' lang='lat' dir='ltr'>suo</span> 
     </span>
     <span class='ocr_line' id='line_1_22' title="bbox 337 2055 1618 2120; baseline 0 -16"><span class='ocrx_word' id='word_1_151' title='bbox 337 2057 489 2120; x_wconf 87' lang='lat' dir='ltr'>aliquo</span> <span class='ocrx_word' id='word_1_152' title='bbox 512 2055 695 2103; x_wconf 86' lang='lat' dir='ltr'>Valerio</span> <span class='ocrx_word' id='word_1_153' title='bbox 711 2093 723 2115; x_wconf 81' lang='grc'>,</span> <span class='ocrx_word' id='word_1_154' title='bbox 747 2057 820 2103; x_wconf 86' lang='lat' dir='ltr'>vel</span> <span class='ocrx_word' id='word_1_155' title='bbox 837 2058 1020 2105; x_wconf 78' lang='lat' dir='ltr'>Valerio</span> <span class='ocrx_word' id='word_1_156' title='bbox 1038 2058 1200 2106; x_wconf 89' lang='lat' dir='ltr'>Flacco</span> <span class='ocrx_word' id='word_1_157' title='bbox 1227 2058 1429 2106; x_wconf 81' lang='lat' dir='ltr'>familiari</span> <span class='ocrx_word' id='word_1_158' title='bbox 1453 2069 1618 2120; x_wconf 86' lang='lat' dir='ltr'>poeta,·</span> 
     </span>
     <span class='ocr_line' id='line_1_23' title="bbox 338 2138 1616 2204; baseline 0.002 -19"><span class='ocrx_word' id='word_1_159' title='bbox 338 2140 414 2185; x_wconf 90' lang='lat' dir='ltr'>vel</span> <span class='ocrx_word' id='word_1_160' title='bbox 447 2138 564 2185; x_wconf 80' lang='lat' dir='ltr'>forte</span> <span class='ocrx_word' id='word_1_161' title='bbox 599 2139 661 2185; x_wconf 93' lang='lat' dir='ltr'>ob</span> <span class='ocrx_word' id='word_1_162' title='bbox 695 2140 959 2187; x_wconf 83' lang='lat' dir='ltr'>memoriam</span> <span class='ocrx_word' id='word_1_163' title='bbox 992 2141 1156 2187; x_wconf 76' lang='lat' dir='ltr'>Catulli</span> <span class='ocrx_word' id='word_1_164' title='bbox 1176 2177 1190 2199; x_wconf 88' lang='lat'>‚</span> <span class='ocrx_word' id='word_1_165' title='bbox 1220 2158 1351 2204; x_wconf 86' lang='lat' dir='ltr'>quem</span> <span class='ocrx_word' id='word_1_166' title='bbox 1378 2139 1439 2186; x_wconf 90' lang='lat' dir='ltr'>est</span> <span class='ocrx_word' id='word_1_167' title='bbox 1469 2140 1616 2187; x_wconf 87' lang='lat' dir='ltr'>imita-</span> 
     </span>
     <span class='ocr_line' id='line_1_24' title="bbox 339 2221 1614 2285; baseline 0.002 -20"><span class='ocrx_word' id='word_1_168' title='bbox 339 2234 436 2280; x_wconf 71' lang='lat' dir='ltr'>tus,</span> <span class='ocrx_word' id='word_1_169' title='bbox 456 2222 534 2285; x_wconf 86' lang='lat' dir='ltr'>qui</span> <span class='ocrx_word' id='word_1_170' title='bbox 564 2222 613 2268; x_wconf 88' lang='lat'>&amp;</span> <span class='ocrx_word' id='word_1_171' title='bbox 647 2221 738 2283; x_wconf 87' lang='lat' dir='ltr'>ipse</span> <span class='ocrx_word' id='word_1_172' title='bbox 765 2222 966 2269; x_wconf 75' lang='lat' dir='ltr'>Valerius</span> <span class='ocrx_word' id='word_1_173' title='bbox 989 2224 1164 2273; x_wconf 83' lang='lat' dir='ltr'>audivit</span> <span class='ocrx_word' id='word_1_174' title='bbox 1182 2260 1195 2282; x_wconf 91' lang='lat'>,</span> <span class='ocrx_word' id='word_1_175' title='bbox 1216 2224 1295 2270; x_wconf 85' lang='lat' dir='ltr'>fibi</span> <span class='ocrx_word' id='word_1_176' title='bbox 1326 2222 1476 2270; x_wconf 72' lang='lat' dir='ltr'>sumsit</span> <span class='ocrx_word' id='word_1_177' title='bbox 1495 2240 1506 2269; x_wconf 74' lang='grc' dir='ltr'>ε</span> <span class='ocrx_word' id='word_1_178' title='bbox 1528 2238 1614 2269; x_wconf 83' lang='lat' dir='ltr'>nec</span> 
     </span>
     <span class='ocr_line' id='line_1_25' title="bbox 340 2303 1616 2370; baseline 0.001 -21"><span class='ocrx_word' id='word_1_179' title='bbox 340 2304 460 2350; x_wconf 85' lang='lat' dir='ltr'>enim</span> <span class='ocrx_word' id='word_1_180' title='bbox 504 2321 530 2351; x_wconf 90' lang='lat' dir='ltr'>a</span> <span class='ocrx_word' id='word_1_181' title='bbox 570 2303 815 2365; x_wconf 84' lang='lat' dir='ltr'>majoribus</span> <span class='ocrx_word' id='word_1_182' title='bbox 861 2320 1094 2370; x_wconf 84' lang='lat' dir='ltr'>acceptum</span> <span class='ocrx_word' id='word_1_183' title='bbox 1140 2307 1368 2365; x_wconf 81' lang='lat' dir='ltr'>arbitror,</span> <span class='ocrx_word' id='word_1_184' title='bbox 1399 2305 1477 2352; x_wconf 87' lang='lat' dir='ltr'>etfi</span> <span class='ocrx_word' id='word_1_185' title='bbox 1519 2321 1616 2351; x_wconf 87' lang='lat' dir='ltr'>non</span> 
     </span>
    </p>
   </div>
  </div>
 </body>
</html>
