1716 2927
247 114 920 170 [EPIGRAMMATUM
948 118 995 161 L.
1030 116 1145 164 XII.

447 320 640 367 XXVII.
675 323 729 366 In
756 323 942 368 Seniam.
965 380 967 385 Α

73 459 161 547 A
180 513 453 543 LATRonus
474 496 546 542 effe
564 511 600 541 te
621 495 772 541 fututam

70 573 176 620 Dicis
190 609 202 628 ,
222 571 353 618 Senia:
374 570 436 617 sed
455 586 588 634 negant
605 569 783 615 latrones.

454 760 665 806 XXVIII.
698 761 753 804 In
775 760 969 804 Cinnam.

79 893 237 979 Poro
255 949 329 995 ego
349 930 552 976 sextantes:
572 944 609 974 tu
626 944 733 992 potas
749 963 762 981 ‚
782 927 904 973 Cinna
919 962 931 978 ‚
953 926 1113 973 deunces
1130 946 1140 971 t

141 1006 186 1050 Et
203 1003 365 1066 quereris
382 1002 486 1065 quod
507 1019 584 1046 non
597 1035 610 1055 ,
631 1000 748 1046 Cinna
762 1035 774 1053 ‚
791 999 957 1045 bibamus
974 999 1089 1047 idem.

363 1197 537 1243 XXIX.
573 1198 647 1243 De
668 1197 919 1259 Hermogene
934 1195 1046 1254 sare.

79 1328 300 1414 Hermo
309 1384 440 1414 GENES
457 1382 573 1414 tantus
590 1385 803 1432 mapparum
818 1404 831 1423 ‚
850 1368 1006 1415 Pontice
1022 1402 1032 1420 ‚
1055 1366 1111 1414 sur
1126 1366 1178 1413 est
1192 1401 1204 1420 ,

146 1445 316 1502 Quantus
338 1459 569 1488 nummorum
591 1441 678 1499 vixx,
697 1456 818 1505 puto,
837 1441 953 1487 Maffa
969 1440 1052 1487 fuit-

79 1517 137 1560 Tu
155 1514 242 1560 licet
260 1515 434 1561 observes
449 1515 613 1560 dextram
627 1549 639 1566 ,
658 1515 855 1577 teneasque
876 1513 1072 1559 sinistram:

146 1587 344 1640 Inveniet,
365 1604 533 1650 mappam
553 1605 624 1649 qua
645 1587 793 1648 ratione
812 1586 940 1633 trahat.

83 1659 265 1706 Cervinus
287 1660 448 1723 gelidum
470 1660 595 1706 sorbet
612 1659 660 1706 fic
679 1660 808 1706 halitus
826 1679 1005 1725 anguem:

149 1732 304 1778 Casuras
319 1733 393 1778 alte
413 1731 460 1777 fic
480 1732 575 1796 rapit
592 1732 657 1778 Iris
674 1751 797 1796 aquas.

83 1806 216 1867 Nuper
233 1823 314 1850 cum
331 1803 491 1867 Myrino
511 1804 701 1868 peteretur
717 1805 835 1852 miffio
856 1805 970 1852 laeso:

149 1877 328 1923 Subduxit
346 1895 494 1940 mappas
514 1894 672 1940 quatuor
692 1881 964 1943 Hermogenes.

87 1955 271 1999 Cretatam
289 1967 427 2014 praetor
444 1970 526 1998 cum
545 1953 660 1999 vellet
679 1952 826 1998 mittere
846 1971 1040 2016 mappam3

151 2023 303 2069 Praetori
322 2043 488 2088 mappam
509 2024 649 2088 surpuit
668 2028 938 2089 Hermogenes.

91 2097 273 2144 Attulerat
289 2116 456 2161 mappam
477 2116 589 2145 nemo
602 2135 616 2157 ‚
637 2098 723 2145 dum
742 2100 835 2145 furta
852 2098 1051 2147 timentur:

143 2168 313 2214 ‘Mantile
333 2188 354 2215 e
374 2169 494 2215 mensa
511 2170 650 2233 surpuit
669 2174 935 2235 Hermogenes.

91 2243 177 2286 Hoc
196 2258 348 2304 quoque
366 2242 391 2286 fi
410 2242 553 2288 deerit:
574 2242 719 2289 medios
736 2243 942 2308 discingere
963 2244 1080 2291 Iessos
1095 2281 1108 2299 ,

157 2314 443 2377 Mensarumque
463 2316 577 2378 pedes
597 2334 673 2361 non
694 2315 797 2363 timet
814 2319 1083 2381 Hermogenes.

1253 109 1343 173 187

1316 2044 1372 2072 10
