1716 2927
277 149 966 214 'EPIGRAMMATUM
995 170 1132 216 ΜΒ.
1166 171 1233 216 H,

324 324 327 329 Ι
394 350 520 397 XIV.
554 352 635 397 Ad
654 351 887 397 Paulinum
909 353 959 396 de
978 352 1107 397 Selia.

114 465 242 554 Nu.
259 501 479 549 intentatum
497 501 616 549 Selius
631 538 644 557 ‚
663 501 715 548 nil
730 501 864 565 linquit
880 501 1045 549 inausum
1064 538 1080 558 0,

181 578 417 625 Coenandum
436 575 585 640 quoties
603 575 674 638 jam
691 575 796 623 videt
815 575 888 623 effe
907 575 1028 624 domi.

113 651 241 698 Currit
260 652 305 697 ad
325 654 526 715 Europen,
547 649 588 697 δι
607 665 644 697 te
661 685 674 704 ‚
690 649 857 706 Paulline
871 686 883 705 ‚
905 649 1067 715 tuosque

177 724 312 770 Laudat
330 724 522 771 Achilleos
537 758 550 777 ,
567 722 631 770 sed
647 722 722 770 fine
741 722 817 770 fine
832 759 844 777 ,
869 716 998 788 ρεάεςζ

110 796 150 844 Si
170 796 262 844 nihil
280 799 433 862 Europe
454 797 544 844 fecit
557 833 570 852 ‚
585 813 663 844 tum
684 800 798 863 Septa
817 813 1021 863 petuntur,

178 870 215 916 Si
234 870 322 934 quid
342 869 562 935 Phyllirides
581 871 725 935 praestet
739 906 750 925 ‚
770 869 809 918 δε
829 870 1039 918 AEsonides.

114 943 212 990 Hinc
230 962 384 1008 quoque
403 943 583 1008 deceptus
598 942 846 1006 Memphitica
863 943 999 1007 tem'pla
1020 943 1260 1009 frequenta&

177 1018 315 1073 Affidet
333 1018 373 1065 &
394 1016 574 1064 cathedris
589 1054 600 1071 ‚
621 1018 746 1064 moesta
763 1016 939 1080 juvenca,
961 1017 1045 1064 tuis.

113 1091 200 1138 Inde
220 1090 313 1155 petit
330 1105 477 1137 centum
496 1089 699 1154 pendentia
723 1089 818 1136 te&
835 1088 1044 1146 columnis;

178 1166 285 1212 Illinc
306 1164 476 1229 Pompeii
493 1164 616 1218 dona,
637 1163 839 1226 nemusque
859 1163 1013 1227 duplex.

113 1241 196 1285 Nec
214 1237 405 1284 Fortunati
424 1236 589 1301 spernit,
606 1255 677 1283 nec
692 1236 822 1283 balnea
837 1235 953 1282 Fausti
965 1270 982 1294 ,

177 1315 260 1357 Nec
280 1311 406 1374 Grylli
425 1311 591 1356 tenebras
605 1345 617 1362 ‚
633 1309 872 1371 AEoliamque
890 1307 996 1370 Lupi.

112 1385 209 1430 Nam
230 1381 378 1428 thermis
398 1380 530 1427 iterum
551 1379 688 1425 cunffis
706 1378 914 1441 iterumque
932 1377 1086 1427 lavatur.

180 1455 317 1503 Omnia
335 1473 416 1501 cum
435 1454 524 1501 fecit
538 1488 551 1507 ‚
568 1453 632 1498 sed
653 1468 830 1499 renuente
847 1455 963 1505 Deo;

112 1534 224 1579 Lotus
241 1530 286 1577 ad
308 1533 477 1593 Europes
493 1526 629 1592 tepidae
647 1526 784 1573 buxeta
800 1523 981 1579 recurrit,

179 1602 216 1649 si
237 1601 318 1666 quis
337 1600 387 1647 ibi
409 1600 528 1647 serum
547 1614 672 1663 carpat
688 1599 824 1647 amicus
842 1598 924 1646 iter.

112 1680 182 1724 Per
200 1690 237 1721 te
249 1709 261 1729 ,
279 1691 421 1738 perque
437 1689 559 1727 tuam,
577 1673 708 1720 veilor
723 1672 857 1720 lascive
871 1708 883 1726 ‚
902 1672 1091 1736 puellam;

178 1749 239 1796 Ad
258 1767 400 1797 coenam
420 1747 560 1795 Selium
575 1762 613 1795 tu
627 1782 639 1801 ‚
656 1765 757 1812 rogo
771 1782 785 1802 ‚
801 1750 923 1795 Taure
935 1782 948 1802 ,
968 1765 1076 1795 voca.

522 1926 629 1973 XV.
661 1927 717 1977 IJz
733 1927 949 1973 Hermum.

115 2033 299 2140 Quor)
320 2074 411 2123 nulli
427 2073 580 2122 calicem
599 2088 700 2121 tuum
719 2072 898 2138 propinas
910 2083 931 2127 ,ἶ

113 2154 279 2199 Humane
297 2149 384 2199 facis
396 2183 410 2205 ‚
428 2151 565 2197 Herme
580 2184 594 2207 ‚
611 2166 690 2197 non
710 2147 880 2213 superbe.

1339 167 1405 232 69

1344 1180 1400 1210 10
