1716 2927
266 118 452 168 'EPJG
467 120 753 167 RAMMA
770 120 941 165 TUM
969 123 1018 167 L.
1054 123 1155 168 VII.

419 330 594 378 XXIV.
628 333 681 376 In
696 333 954 378 maledicum*

72 453 222 542 CUM
240 490 416 539 Iuvenale
432 509 518 537 meo
539 509 621 553 quae
642 509 700 537 me
718 492 948 539 committere
964 508 1104 551 tentas,

137 564 242 625 Quid
263 583 338 610 non
357 562 506 609 audebis
520 596 532 614 ,
552 563 690 624 perfida
709 563 834 623 lingua
851 601 862 618 ‚
886 565 1018 628 loqui?

70 639 127 683 Te
144 637 308 700 fingente
329 637 427 682 nefas
441 671 451 686 .‚
472 635 631 698 Pyladen
651 636 782 681 odisset
802 638 970 684 Orestes:

133 710 276 756 Thesea
297 709 448 756 Pirithoi
469 708 679 755 destituisset
699 728 814 756 amor.

69 785 127 827 Tu
147 781 292 828 Siculos
311 782 437 829 fratres
452 818 464 836 ‚
485 782 523 829 &
541 783 655 841 majus
675 801 813 829 nomen
835 783 976 831 Atridas
990 819 1005 838 ‚

135 858 180 900 Et
199 856 307 902 Ledae
324 874 472 919 poteras
491 856 685 902 dissociare
705 875 833 920 genus.

66 929 152 974 Hoc
173 928 238 973 tibi
255 947 324 991 pro
344 929 481 974 meritis
497 966 509 984 ‚
528 929 565 975 δι
585 930 715 975 talibus
735 929 922 992 imprecor
938 929 1054 985 ausis,

131 1002 182 1046 Ut
198 1000 306 1046 facias
323 1000 413 1047 illud
428 1037 440 1056 ‚
460 1002 562 1065 quod
577 1037 588 1057 ‚
607 1019 725 1066 puto,
743 1002 868 1066 lingua
884 1003 985 1053 facis.
1061 1058 1068 1062 s

382 1197 536 1244 XXV.
570 1200 623 1243 In
641 1203 797 1244 malum
808 1217 988 1260 poetam.

64 1325 157 1411 D
162 1379 293 1408 ULCIA
313 1377 552 1421 cnm-tantum
572 1361 703 1408 scribas
724 1361 982 1426 epigrammata
999 1362 1143 1426 semper
1156 1397 1171 1417 ‚

131 1437 176 1480 Et
192 1435 360 1482 cerussata
379 1435 593 1481 candidiora
613 1451 718 1480 cute:

65 1507 250 1569 Nullaque
266 1505 359 1551 mica
376 1505 456 1551 salis
469 1542 480 1559 ,
500 1524 568 1552 nec
583 1505 693 1551 amari
713 1504 810 1550 fellis
831 1503 867 1550 in
890 1505 964 1551 illis

130 1581 244 1624 Gutta
260 1576 323 1622 fit:
345 1596 369 1623 o
388 1578 564 1632 demens,
582 1577 635 1623 vis
651 1586 770 1622 tamen
789 1576 850 1622 illa
870 1576 971 1640 legi!

62 1651 144 1696 Nec
160 1649 261 1696 cibus
278 1650 357 1714 ipse
372 1650 474 1713 juvat
492 1651 612 1697 morsu
633 1650 817 1696 fraudatus
837 1648 953 1695 aceti:

129 1726 210 1768 Nec
229 1739 329 1787 grata
347 1723 396 1770 est
413 1723 547 1777 facies„
564 1723 620 1769 cui
641 1721 821 1786 gelasinus
842 1723 953 1769 abest.

62 1794 193 1843 Infanti
209 1795 392 1841 melimela
407 1796 493 1841 dato
506 1830 518 1849 ‚
534 1794 723 1858 fatuasque
739 1795 927 1841 mariscas:

127 1870 223 1914 Nam
240 1867 329 1914 mihi
341 1902 353 1923 ,
375 1886 456 1932 quae
475 1867 581 1914 novit
596 1885 780 1931 pungere,
795 1868 887 1914 Chia
904 1867 1009 1932 sapit.

1255 129 1348 185 251'
