1716 2927
282 125 939 171 EPIGRAMMATUM
970 126 1017 170 L.
1053 129 1139 172 III.

387 305 603 353 LXXIV.
638 307 692 351 In
714 307 1026 368 Gargilianum.

86 413 151 499 P
156 468 372 499 suonmo
391 451 597 517 faciemque
614 453 722 500 laevas
737 487 750 506 ‚
769 451 809 500 δε
828 453 993 518 dropace
1009 451 1162 500 calvam.

146 526 336 590 Numquid
353 527 545 574 tonsorem
559 562 573 580 ,
594 526 811 590 Gargiliane
824 563 836 581 ‚
853 526 986 574 times?

76 597 184 660 'Quid
202 597 335 644 facient
353 605 520 662 ungues?
542 616 625 644 nam
642 614 744 645 certe
764 617 840 644 non
858 608 970 663 potes
988 598 1078 645 illos

143 671 271 718 Refina
284 708 296 726 ‚
315 676 462 720 Veneto
483 691 549 720 nec
566 673 730 719 resecare
748 673 846 722 luto.

76 743 211 792 Define
224 781 236 799 ‚
250 743 276 790 fi
296 745 418 809 pudor
436 745 512 800 est,
532 745 698 792 miseram
719 745 912 793 traducere
931 745 1091 794 calvam:

87 815 90 818 ⁴
139 820 224 866 Hoc
243 817 322 867 fieri
341 836 467 866 cunno
482 854 495 873 ‚
513 819 728 883 Gargiliane
742 854 754 873 ‚
771 818 883 866 solet.

442 1007 632 1054 LXXV.
665 1011 718 1054 Itz
743 1010 980 1069 Lupercum.

71 1113 240 1200 STARE
254 1189 266 1208 ‚
285 1157 451 1219 Lupetce
463 1191 475 1209 ‚
495 1155 561 1202 tibi
580 1156 651 1219 jam
669 1156 814 1220 pridem
830 1155 990 1202 mentula
1008 1154 1123 1201 defit:

136 1226 294 1273 Lustaris
311 1229 462 1274 demens
483 1244 521 1274 tu
539 1245 661 1275 tamen
683 1228 857 1293 arrigere.

71 1298 144 1344 Sed
162 1299 252 1344 nihil
270 1318 391 1345 erucae
411 1301 550 1346 faciunt
564 1337 578 1355 ‚
592 1301 772 1363 bulbique
791 1301 951 1354 salaces;

136 1372 309 1434 Improba
329 1389 398 1417 nec
417 1371 573 1435 prosunt
589 1372 660 1433 jam
682 1371 833 1417 satureia
854 1371 937 1419 tibi.

70 1442 228 1506 Coepisti
247 1461 353 1506 puras
374 1444 506 1506 opibus
525 1461 765 1506 corrumpere
782 1440 936 1489 bucc'as:

133 1515 194 1560 sic
210 1531 365 1577 quoque
385 1533 461 1561 non
475 1514 568 1561 vivit
583 1514 778 1561 sollicitata
795 1518 934 1561 Venus.

67 1586 198 1633 Mirari
216 1587 296 1634 satis
315 1587 389 1634 hoc
408 1587 598 1652 quisquam
614 1623 625 1641 ‚
646 1589 706 1635 vel
726 1589 878 1634 credere
899 1588 1032 1652 poffit‚

134 1662 234 1721 Quae
253 1678 332 1707 non
353 1660 444 1715 stat,
461 1678 599 1724 magno
618 1661 706 1713 stare
720 1696 733 1714 ‚
752 1663 943 1725 Luperce,
961 1660 1057 1707 tibi?

452 1845 661 1892 LXXVI.
687 1847 753 1892 In'
771 1846 812 1890 B
814 1843 959 1910 affictn.

70 1955 315 2044 AmuGls
333 1995 377 2041 ad
397 1996 537 2043 vetulas
549 2033 561 2050 ‚
578 1995 709 2043 fastidis
724 2032 735 2049 ‚
752 1996 874 2047 Basse,
895 1995 1059 2060 puellas:

129 2069 212 2114 Nec
229 2068 392 2115 formosa
410 2068 476 2115 tibi
489 2105 501 2123 ‚
522 2069 585 2116 sed
602 2069 780 2116 moritura
800 2069 932 2132 placet.

63 2137 135 2188 Hic
149 2174 161 2190 ‚
179 2158 278 2204 rogo
293 2175 305 2194 ‚
326 2159 404 2187 non
424 2141 528 2188 furor
544 2143 616 2197 est,
634 2161 711 2189 non
727 2143 778 2188 est
796 2143 874 2189 haec
890 2141 1051 2189 mentula
1068 2141 1217 2190 demens
1234 2148 1248 2185 ἓ

128 2215 224 2262 Cum
242 2214 349 2278 poffis
368 2217 579 2275 Hecubam,
600 2235 677 2264 non
696 2232 806 2281 potes
823 2216 1123 2265 Andromachen.

1275 137 1359 187 ¹23
