1716 2927
358 135 451 182 '124
630 123 694 173 M.
731 128 892 173 VAL.
925 114 1371 176 MARTIALss

719 307 943 356 LXXVII.
972 312 1025 355 In
1043 311 1258 359 Baeticum.

361 420 446 507 N
448 474 498 505 Ec
515 459 646 505 mullus
658 493 670 510 ,
688 477 755 506 nec
777 475 814 507 te
831 459 1014 517 delefflt,
1031 461 1167 508 Baetice
1183 498 1196 517 ,
1215 463 1366 511 turdus:

427 532 506 576 Nec
523 531 627 594 lepus
647 532 696 577 est
712 549 872 596 unquam
886 567 899 587 ‚
919 551 988 580 nec
1006 533 1071 580 tibi
1090 551 1212 598 gratus
1230 555 1332 600 aper.

363 606 445 651 Nec
464 620 498 650 te
520 604 592 650 liba
611 606 735 667 juvant
751 643 762 660 ‚
783 624 849 652 nec
867 605 973 653 se&ae
990 607 1125 670 quadra
1143 608 1349 672 placenta:

428 678 508 721 Nec
526 674 641 739 Libye
661 677 796 732 mittit,
817 697 883 725 nec
903 679 967 725 tibi
987 678 1103 725 Phasis
1120 697 1217 726 aves.

365 749 549 813 Capparin
564 784 576 802 ‚
594 750 632 796 &
650 750 744 813 putri
763 769 873 815 cepas
891 752 994 798 alece
1016 768 1176 799 natantes
1191 787 1205 807 ‚

432 824 476 866 Et
496 821 643 885 pulpam
664 822 779 870 dubio
800 824 847 869 de
865 823 1050 887 petasone,
1064 843 1187 872 voras.

364 898 496 960 Teque
515 894 643 955 juvant
662 914 786 961 gerres
807 896 845 943 δι
865 896 965 959 pelle
985 896 1199 960 melandrya
1220 910 1333 945 cana:

434 972 596 1018 Resinata
613 971 708 1017 bibis
729 971 835 1027 vina,
856 971 1007 1016 Falerna
1026 971 1135 1034 fugis.

369 1043 508 1090 Nescio
523 1079 535 1096 ‚
557 1043 659 1106 quod
679 1042 852 1089 stomachi
872 1041 998 1087 vitium
1018 1041 1189 1087 secretius
1207 1041 1281 1088 effe

438 1114 624 1179 Suspicor.
652 1131 691 1161 ut
709 1115 796 1178 quid
814 1113 936 1167 enim,
951 1112 1088 1160 Baetice
1101 1148 1114 1167 ‚
1132 1112 1364 1177 saprofagis?

690 1296 942 1343 LXXVIII.
978 1299 1058 1341 Ad
1077 1297 1340 1342 Paullinutn.

378 1409 482 1499 M
485 1463 648 1493 1Nx1sn
668 1461 839 1493 currente
856 1447 993 1499 semel,
1009 1445 1174 1492 Paulline
1188 1480 1200 1498 ‚
1220 1445 1352 1494 carina,

444 1523 593 1583 Mejere
609 1519 660 1568 vis
682 1520 844 1567 iterum?
863 1519 934 1581 jam
951 1519 1141 1565 Palinurus
1162 1517 1249 1566 eris.

718 1713 924 1762 LXXIX.
959 1715 1040 1759 Ad
1064 1713 1303 1759 Sertorium.

387 1831 534 1920 RzM
553 1867 695 1932 peragit
712 1866 848 1914 nullam
865 1865 1048 1912 Sertorius
1061 1898 1073 1917 ‚
1093 1862 1246 1910 inchoat
1264 1873 1410 1908 omnes.'

450 1943 560 1987 Hunc
576 1957 651 2004 ego
667 1973 681 1995 ‚
700 1956 782 2006 cum
801 1937 908 1985 futuit
921 1972 934 1993 ,
955 1955 1032 1985 non
1052 1950 1144 2000 puto
1166 1933 1358 1999 perficere.

1591 1131 1654 1161 10
