1716 2927
262 161 948 210 EPIGRAMMATUM
974 166 1023 212 L.
1058 167 1141 212 IV.

61 267 214 315 Paulum
232 267 389 332 sepofita
408 267 626 322 severitate,

60 341 162 385 Dum
180 339 312 386 blanda
331 358 442 404 vagus
458 340 538 385 alea
554 340 764 387 December

59 410 213 457 Incertis
233 410 340 458 sonat
355 411 441 457 hinc
459 411 498 458 ἃ
519 411 606 458 hinc
624 411 759 459 fritillis
771 447 786 468 ,

58 484 108 530 Et
124 482 220 530 ludit
236 487 338 548 Popa
354 484 537 548 nequiore
553 485 654 540 talo,

58 556 205 603 Nostris
224 559 298 603 otia
316 557 513 604 commoda
533 555 738 602 Camoenis.

57 631 143 678 Nec
165 645 269 678 torva
286 631 373 694 lege
391 631 517 678 fronte
531 665 544 685 ‚
564 629 627 676 sed
645 629 786 676 remiffa

58 703 219 750 Lascivis
237 703 404 750 madidos
419 702 514 765 jocis
530 702 695 750 libellos.

56 775 119 820 sic
137 775 258 822 forsan
278 791 384 822 tener
401 776 505 822 ausus
523 776 573 822 est
591 775 759 823 Catullus

56 850 204 914 Magno
223 849 372 898 mittere
391 850 568 915 passerem
587 849 758 899 Maroni.

406 1028 511 1074 XV.
537 1030 620 1074 Ad
638 1028 920 1073 Caeciliatzum.

50 1142 247 1229 Mun:
263 1179 330 1226 tibi
348 1197 518 1228 nummos
536 1180 702 1227 hesterna
719 1180 805 1226 luce
823 1175 1002 1242 roganti,

116 1258 155 1300 ln
175 1254 237 1300 sex
255 1269 313 1300 aut
334 1253 476 1317 septem
490 1292 504 1310 ‚
521 1254 752 1308 Caeciliane,
771 1253 850 1300 dies
865 1287 879 1307 ‚

53 1328 144 1374 Non
163 1327 284 1373 habeo
299 1362 312 1380 ‚
328 1327 426 1372 dixi:
448 1327 511 1373 sed
528 1341 566 1372 tu
586 1328 744 1373 causatus
761 1325 869 1372 amici

122 1398 329 1445 Adventum
348 1434 359 1452 ,
376 1398 517 1444 lancem
539 1415 731 1461 paucaque
747 1397 830 1443 vasa
848 1412 970 1460 rogas.

50 1473 189 1519 Stultus
207 1479 272 1518 es?
290 1490 334 1518 an
353 1471 499 1517 stultum
517 1489 576 1516 me
593 1470 712 1516 credis
727 1468 903 1535 ‚vamiqae
925 1466 1058 1531 negavi

114 1545 226 1592 Mille
246 1544 312 1592 tibi
332 1563 524 1591 nummos:
547 1543 661 1591 millia
682 1542 849 1607 quinque
869 1542 994 1588 dabo?

467 1725 594 1772 XVI.
629 1727 683 1770 In
704 1726 893 1771 Gallum.

50 1837 118 1924 P
122 1890 356 1920 R1V1GNUM
370 1890 453 1928 ,non
470 1874 543 1920 effe
561 1888 635 1919 tuae
654 1888 690 1920 te
703 1911 715 1930 ,
731 1875 843 1921 Galle
857 1909 870 1929 ,
889 1890 1065 1922 novercae

113 1952 253 1995 Rumor
272 1963 347 1994 erat
361 1984 373 2004 ‚
394 1947 533 2011 conjux
551 1948 636 1994 dum
658 1948 724 1994 fuit
743 1948 806 1994 illa
827 1947 951 2011 patris,

18 2023 21 2029 “
45 2023 138 2068 Non
156 2036 278 2068 tamen
295 2020 369 2068 hoc
387 2036 534 2085 poterat
550 2021 639 2068 vivo
660 2020 833 2085 genitore
850 2020 1012 2085 probari.

111 2095 184 2139 Iam
205 2093 376 2156 nusquam
398 2108 502 2157 pater
520 2094 570 2141 est
585 2130 598 2148 ,
620 2094 753 2147 Galle3
772 2111 938 2140 noverca
957 2091 1061 2140 domi
1082 2092 1145 2139 est.

43 2168 204 2229 Magnus
220 2166 264 2212 ab
284 2165 434 2213 infernis
455 2184 653 2214 revocetur
670 2166 816 2213 Tullius
833 2166 967 2213 umbris
985 2202 998 2223 ,

111 2242 157 2284 Et
175 2254 212 2285 te
231 2239 407 2287 defendat
425 2234 684 2305 Regulus-ipse
703 2240 816 2287 licet:

44 2315 136 2360 Non
155 2326 262 2375 potes
280 2312 442 2360 absolvi:
463 2332 545 2361 nam
565 2333 648 2378 quae
668 2333 744 2360 non
762 2311 894 2360 definit
911 2312 985 2359 effe

107 2384 192 2434 Post
207 2399 373 2454 patrem}
391 2405 603 2456 nunquam3
621 2388 759 2455 Galle2
777 2403 940 2436 noverca
957 2384 1042 2434 fuit.

1256 177 1350 228 139

1288 574 1343 603 10
