1716 2927
340 183 341 186 ,
402 140 491 186 ΙΝ
518 142 870 189 PRIAPUM
901 144 1166 193 LUSUS.

150 242 229 306 'Qui
247 243 417 307 quoniam
436 248 545 311 periit
560 283 571 302 ‚
591 250 707 295 modo
726 268 794 295 vos
812 250 1013 297 intendite:
1037 253 1181 315 qualem

213 317 293 362 Effe
309 317 424 364 virum
443 318 560 366 sciero
573 356 585 374 ‚
603 321 660 366 vir
678 320 718 366 lit
737 338 777 367 ut
795 321 859 367 ille
874 341 988 369 meus.

147 390 226 436 Hac
244 408 316 453 ego
332 425 343 443 ,
362 392 551 456 Penelope
567 429 578 446 .,
596 394 700 457 potui
723 394 786 440 tibi
804 396 890 458 lege
910 397 1081 460 placere3

210 463 282 509 lllo
300 463 363 509 sed
382 466 546 512 nondum
564 482 733 530 tempore
750 467 862 514 &Eius
877 485 987 515 eram.

565 637 712 684 LXX.
746 639 946 700 Priapus.

147 745 297 834 CUM
313 785 372 831 fici
393 784 457 831 tibi
477 785 627 833 suavitas
646 788 804 842 subibit,

145 860 193 904 Et
211 859 281 919 jam
301 857 494 921 porrigere
515 859 585 904 huc
607 878 750 906 manum
771 859 922 907 libebit:

143 933 208 981 'Ad
226 951 284 977 me
301 931 440 995 respice
453 969 465 986 ‚
482 933 541 978 fur
556 969 567 986 ‚
587 933 626 980 ὅ(
644 933 818 980 aestimato
831 969 845 987 ‚

146 1005 258 1067 Quot
275 1004 408 1067 pondo
427 1002 493 1050 tibi
512 1005 674 1051 mentula
694 1006 742 1051 est
760 1006 930 1053 cacanda.

552 1177 715 1224 LXXI.
751 1181 950 1240 Priapus-

140 1273 338 1360 ILLUSIT
356 1313 442 1360 mihi
462 1333 599 1378 pauper
615 1315 816 1378 inquilinus
830 1352 844 1370 ,

140 1386 223 1446 Qui
241 1386 353 1432 libum
370 1387 544 1442 dederat,
562 1389 774 1452 molamque
792 1389 903 1435 fusam
917 1424 931 1445 ‚
967 1422 969 1424 -

142 1461 274 1519 Quare
291 1459 451 1522 partibus
469 1460 599 1506 additis
621 1460 657 1506 in
675 1461 801 1525 ignem
815 1496 829 1515 ‚

142 1534 257 1577 Sacro
277 1532 443 1595 protinus
462 1533 546 1579 hinc
564 1533 639 1579 abit
659 1534 823 1597 perablo.

142 1604 267 1649 Vicini
287 1604 382 1651 canis
402 1605 472 1651 huc
491 1605 643 1652 subinde
661 1605 788 1659 venit,

138 1676 323 1723 Nidorem
338 1712 350 1730 ‚
372 1693 463 1741 puto
478 1713 490 1730 ‚
507 1678 704 1741 prosecuta
722 1677 835 1724 fumi:

141 1751 242 1808 Quae
258 1785 270 1802 ‚
288 1750 461 1796 libamine
479 1751 654 1796 mentulae
674 1750 824 1796 comeso
839 1783 853 1804 ‚

140 1822 242 1867 Tota
261 1822 369 1868 noue
385 1821 472 1867 mihi
489 1822 569 1868 litat
587 1822 760 1886 rigendo.

138 1893 193 1939 'Af
210 1913 277 1940 vos
294 1893 445 1957 amplius
464 1894 539 1940 hoc
556 1895 646 1940 loco
667 1910 793 1940 cavete

141 1965 356 2029 Quidquam
376 1984 519 2030 ponere
532 2002 545 2022 ‚
563 1987 609 2014 ne
629 1967 884 2013 famelicorum

139 2041 203 2088 'Ad
219 2059 278 2086 me
296 2041 398 2087 turba
416 2040 508 2087 velit
523 2059 653 2087 canum
675 2041 822 2087 venire':

140 2116 226 2167 Ne,
248 2114 333 2160 dum
351 2132 409 2170 me
427 2113 572 2166 colitis,
589 2130 783 2175 meumque
805 2128 937 2158 numen
951 2146 964 2166 ‚

140 2185 323 2238 eustodes
339 2184 498 2232 habeatis
514 2183 720 2232 irrumatos.

1360 488 1422 529 30

1357 1960 1413 2009 ἰο
