1716 2927
175 248 269 287 1491

151 302 273 341 ‘1492

175 408 271 449 1493

175 949 273 990 ¹495

177 1044 277 1096 1496

176 1311 276 1365 1498

178 1432 278 1473 I499

176 1602 271 1644 ¹50¹

350 128 462 174 DE
497 127 564 171 M.
607 127 769 171 VAL.
803 126 1220 172 MARTIALI.
1301 137 1456 172 XXVII

330 232 530 272 Mediolan.
558 231 637 280 HI,
659 231 725 271 fol.
749 244 817 282 per
840 231 938 270 Phil.
963 232 1127 270 Pincium
1151 232 1198 270 de
1222 231 1380 272 Canato.

334 287 465 325 Veneta
490 285 542 325 VI
561 316 572 333 ,
595 285 662 325 fol.
693 299 753 336 ap.
782 287 952 324 Bonetum
976 286 1191 325 Locatellum
1218 298 1307 325 cum
1340 292 1456 326 comi

332 340 526 379 mentariis
552 341 648 378 Petri
668 342 793 391 Mar-fi.

334 397 462 433 Veneta
485 394 584 440 VII,
607 393 675 433 fol.
703 392 887 434 ‘Martialis
917 405 1007 432 cum
1045 392 1195 432 duobus
1225 396 1456 434 commentis

330 449 525 502 (Domitii
548 449 723 488 C..<lder1'ni
752 447 830 486 scil.
853 450 887 487 δε
911 447 1063 498 Georgii
1088 448 1266 496 Merulae)
1284 450 1328 489 In
1353 450 1452 489 fine:

331 503 416 542 Hoc
440 518 503 554 per
524 502 806 541 Bartholomeum
832 503 873 540 de
898 502 1019 540 Zanis
1046 503 1086 540 de
1111 503 1267 552 *Porcefio
1301 504 1335 540 V
1335 504 1458 541 enetiis

330 556 520 609 impressum
555 570 644 599 opus
669 555 828 609 feliciter
861 556 1017 609 explicit.
1061 557 1119 594 M.
1153 557 1284 595 CCCC.
1319 558 1460 597 XCIII.

331 612 406 650 Die
431 610 533 648 XIII
550 611 772 649 Novembris.
801 610 953 649 Perrara
979 609 1062 648 haec
1096 610 1188 649 edit.
1215 609 1350 648 litteris
1381 611 1460 649 im-

330 663 450 716 pressa
473 664 523 703 est
543 665 738 715 quadratis
767 664 992 713 pernstidis,
1015 664 1214 704 Maitt‘ario
1240 673 1369 703 autem
1398 665 1461 717 (uc

331 719 514 765 videtur)
544 719 686 769 ignota.
715 718 789 758 vid.
817 718 927 759 Mais.
966 718 1086 758 Indic.
1119 717 1144 756 s.
1180 717 1315 757 Annal.
1352 719 1398 757 T.
1424 718 1458 756 V

332 782 430 824 part.
463 772 508 812 ΙΙ.
541 785 626 823 pag.
663 773 708 823 56
737 774 770 812 Sc
805 774 890 825 536.
925 772 1036 812 Hanc
1067 772 1243 810 notitiam
1274 771 1459 811 debemus

331 828 415 866 viro
439 825 562 877 perill.
586 827 803 879 Heidegzero
819 858 830 875 ‚
850 826 1023 867 Tribuno
1041 825 1147 876 Reip.
1162 826 1399 874 Turieensis,
1415 826 1456 865 in

334 883 445 930 cujus
472 879 714 924 Bibliotheca
736 880 818 920 haec
844 881 902 920 ed.
930 880 1111 919 servatur.

337 937 468 973 Veneta
494 934 583 975 VIII
599 941 613 984 ‚'
640 934 709 974 fol.
743 947 832 975 cum
860 934 1020 975 Merulae
1054 935 1090 974 ἃ
1124 933 1317 975 Calderini
1348 946 1462 974 com-

335 999 544 1028 mentams.

337 1045 458 1082 Vener.
481 1042 547 1082 fol.
574 1043 660 1083 Nic.
688 1044 826 1083 Perotti
856 1043 1110 1093 Cornucopiae
1135 1055 1201 1093 per
1215 1046 1388 1091 joannem
1411 1043 1460 1082 cle

337 1098 480 1135 Tridino
490 1096 581 1136 alias
596 1099 788 1136 Tacuinum
802 1098 871 1149 (Cf.
889 1112 971 1149 quae
987 1098 1035 1137 ad
1047 1097 1135 1136 edd.
1151 1097 1251 1148 seqq.
1265 1110 1324 1136 an.
1345 1111 1459 1150 1499,

337 1165 433 1205 1501
462 1153 510 1190 de
533 1150 609 1190 hoc
633 1151 732 1190 libro
758 1153 964 1201 dicuntur)
983 1151 1158 1192 Exstabat
1187 1152 1382 1202 quondam
1404 1152 1462 1188 in-

331 1214 389 1244 ter
405 1205 522 1245 libros
543 1205 676 1254 Joach.
705 1206 831 1257 Chph.
855 1208 1017 1260 Nemei{‚
1044 1205 1183 1245 Confil.
1213 1204 1286 1244 aul.
1305 1205 1468 1255 Bipont.

332 1259 485 1299 venales
517 1261 718 1311 Argentor.
750 1274 862 1314 1745.

338 1314 469 1351 Veneta
502 1314 587 1362 IX,
615 1314 685 1354 sol.
721 1327 755 1353 e.
783 1314 947 1354 Merulae
974 1316 1009 1354 &
1037 1313 1231 1353 Calderini
1265 1324 1463 1351 commen-

336 1367 458 1407 tariis.

328 1421 446 1459 Vener.
474 1419 542 1460 fol.
566 1420 653 1470 Nic.
680 1421 815 1458 Perom‘
839 1421 1091 1470 Cornucopiae
1119 1421 1158 1459 in
1181 1419 1342 1460 AE'dibus
1365 1420 1460 1458 Aldi

334 1473 464 1512 mense
487 1474 589 1522 Julio
617 1473 730 1513 MID.
771 1474 819 1513 cf.
853 1485 926 1515 cat.
954 1475 1051 1514 Bibl.
1079 1475 1120 1513 C.
1151 1475 1194 1514 G.
1222 1474 1428 1514 Schwarzii
1448 1504 1463 1523 ‚

332 1527 436 1568 Prof.
463 1528 598 1568 Altorf.
627 1527 668 1568 P.
692 1527 733 1575 I,
755 1541 791 1578 p.
824 1528 896 1577 146
921 1530 1021 1568 inter
1049 1527 1206 1568 Aldinas
1233 1528 1301 1567 fol.

330 1591 444 1643 Lugd.
466 1590 533 1630 fol.
558 1591 644 1631 Nic.
667 1591 804 1629 Perotti
833 1589 1092 1641 Cornucopiae
1123 1590 1187 1629 seu
1214 1591 1464 1631 Commenkao

333 1644 478 1683 riorum
515 1645 556 1685 L.
589 1645 629 1685 L.
658 1658 734 1684 una
758 1657 848 1683 cum
879 1646 1168 1684 commentariis
1201 1644 1226 1684 s.
1261 1645 1462 1696 expositio-

329 1698 445 1739 nibus
474 1699 588 1750 ipfius
625 1698 779 1739 Nicolai
821 1700 862 1738 in
888 1699 929 1739 C.
960 1699 1070 1739 Plinii
1106 1700 1189 1739 Sec.
1226 1699 1464 1750 prooemium

333 1754 482 1793 summa
519 1753 724 1804 diligentia
756 1754 1005 1793 emendatum
1038 1754 1204 1805 Lugduni
1239 1753 1463 1804 impressum

333 1821 402 1859 per
436 1808 517 1856 Jac.
542 1809 731 1856 Mailleti‚
754 1821 855 1847 anno
890 1809 1027 1849 Gratiae
1065 1807 1123 1847 M.
1159 1808 1461 1858 quingentesimo
1534 1845 1539 1852 ,

332 1863 483 1913 primo,
510 1862 572 1900 die
601 1875 689 1900 vero
712 1862 880 1902 secund‘a
916 1862 1050 1901 meniis
1073 1862 1191 1910 Junii.
1223 1863 1286 1902 Sic
1320 1861 1459 1912 legitur

332 1917 432 1956 inter
456 1916 643 1956 Incunab.
669 1925 821 1968 typogr.
848 1916 949 1959 Bibl.
973 1915 1202 1958 Uffenbach.
1216 1916 1263 1957 T.
1287 1914 1336 1956 Π.
1359 1917 1457 1967 App.

331 1971 391 2020 Π,
417 1985 456 2022 p·
478 1985 543 2023 75·

339 2036 458 2074 Venet.
488 2032 564 2074 -fol,
598 2033 743 2072 Nicolai
768 2034 904 2073 Perotti
932 2034 1186 2084 Cornucopiae
1209 2050 1218 2074 ε
1243 2034 1317 2074 five
1351 2045 1460 2072 com-

331 2089 606 2128 mentariorum
644 2087 786 2138 linguae
810 2087 936 2127 latinae
965 2090 1014 2127 ad
1040 2088 1213 2128 illustriss.
1246 2088 1462 2137 Principem

334 2143 563 2183 federicum
600 2143 740 2184 Urbini
772 2143 947 2184 Ducem:
974 2145 1009 2182 δε
1040 2142 1280 2182 ecclesiastici
1313 2143 1461 2181 exerci-

337 2206 401 2237 tus
444 2198 717 2248 Imperatorem
754 2197 926 2237 inviffiff.
961 2196 1059 2237 liber
1094 2197 1272 2248 primus:
1302 2196 1350 2235 de
1373 2197 1461 2237 Am-

336 2250 558 2303 phitheatro
585 2252 830 2303 Epigramma
857 2253 1037 2301 primum.
1067 2251 1112 2291 In
1137 2251 1240 2290 fine:
1269 2251 1458 2303 imprqfficm

343 2307 502 2344 Veneriis
514 2321 577 2357 per
600 2307 766 2346 Ioannem
785 2308 826 2343 de
846 2307 989 2344 Tridino
1003 2336 1014 2354 ‚
1030 2306 1126 2345 alias
1151 2305 1343 2343 Tacuinum
1363 2317 1461 2343 anno

340 2360 472 2402 domini
499 2374 592 2416 1501
618 2361 880 2404 die.XXVlll
902 2359 1004 2415 Maji
1027 2361 1206 2413 Regnante
1230 2358 1360 2410 inclyto
1378 2359 1462 2399 duce
