1716 2927
263 167 946 218 EPIGRAMMATUM
976 168 1025 218 L.
1058 171 1144 221 JV.
1258 180 1350 235 159

61 275 112 320 'Et
131 274 384 339 quodcunque
400 274 496 339 jacet
513 275 576 322 sub
596 275 686 323 urbe
706 275 819 341 frigus
832 311 845 331 ,

60 348 218 394 Fidenas
236 365 380 396 veteres
393 385 406 403 .,
424 349 630 413 brevesque
651 351 812 407 Rubras,
1293 370 1345 415 ις

61 422 110 467 Et
129 421 234 484 quod
252 420 424 485 virgineo
442 440 576 468 cruore
595 423 755 486 gaudet,

67 498 193 541 Annae
211 496 436 560 pomiferum
459 515 586 543 nemus
607 500 794 544 Perannae.

65 567 150 613 Illic
170 569 358 615 Flaminiae
372 607 384 625 ‚
402 569 622 632 Salariaeque

71 641 247 689 Gestator
265 658 365 706 patet
379 677 392 696 ‚
411 642 537 688 effedo
559 654 734 696 tacente,'

69 716 131 761 Ne
149 715 288 762 blando
308 732 389 762 rota
409 715 449 762 fit
470 716 622 762 molesta
642 715 805 772 somno‚'
1300 736 1361 771 20

69 792 199 851 Quem
218 807 286 836 nec
304 808 476 854 rumpere
495 789 679 836 nauticum
698 790 880 838 celeusma
892 827 905 847 ,

71 864 155 910 Nec
179 865 320 912 clamor
342 865 440 911 valet
463 863 723 911 helciariorum
744 885 756 919 ;

75 939 172 984 Cum
192 938 318 986 littam
341 957 463 1003 prope
478 939 666 993 Mulvius,
687 940 900 1003 sacrumque

74 1013 200 1077 Lapsae
221 1032 288 1077 per
302 1014 468 1060 Tiberim
491 1015 623 1061 volent
643 1014 788 1061 carinae.

76 1088 164 1133 Hoc
184 1106 243 1133 rus
261 1087 282 1151 (
297 1088 358 1134 seu
378 1087 502 1151 potius
519 1089 654 1134 domus
676 1086 848 1156 vocanda
867 1085 946 1147 est)
1307 1103 1364 1149 25

79 1163 334 1209 Commendat
352 1162 550 1216 dominun
570 1178 667 1208 tuam
688 1160 853 1224 putabis:

77 1235 172 1280 Tam
194 1253 272 1282 non
292 1235 416 1282 invida
428 1271 440 1289 ,
463 1251 612 1298 tamque
628 1234 790 1282 liberalis
802 1269 815 1289 ‚

80 1307 173 1351 Tam
191 1306 290 1352 comi
312 1323 413 1369 patet
429 1307 692 1371 hospitalitate.

6 1378 9 1382 λ
86 1379 227 1425 Credas
250 1381 400 1426 Alcinoi
419 1381 504 1444 pios
522 1385 697 1436 Penates,

85 1457 163 1497 Aut
180 1451 263 1497 faeti
282 1453 399 1498 modo
418 1451 538 1499 divitis
561 1451 770 1497 Molorchi,
1314 1468 1377 1510 30

86 1525 169 1570 Vos
187 1542 280 1570 nunc
302 1523 427 1570 omnia
444 1542 552 1586 parva
574 1524 635 1587 qui
654 1523 789 1587 putatis
802 1558 816 1578 ‚

89 1600 268 1643 Centeno
291 1597 456 1660 gelidum
473 1596 605 1660 ligone
624 1596 766 1651 Tibur,

90 1670 164 1716 Vel
185 1671 361 1717 Praeneste
380 1672 531 1717 domate
546 1706 557 1723 ,
575 1670 851 1735 pendulamque

92 1742 169 1789 Uni
191 1743 316 1791 dedite
335 1744 470 1790 Setiam
490 1744 660 1790 colono:

92 1819 192 1863 Dum
208 1853 220 1871 ‚
238 1836 298 1863 me
315 1817 439 1879 judice
453 1852 465 1871 ‚
487 1816 725 1880 praeferantur
744 1813 816 1861 istis
994 1866 997 1867 ⁷
1325 1836 1344 1874 3
1359 1828 1380 1874 ς’

97 1890 168 1938 Juli
187 1891 316 1956 jugera
333 1908 449 1955 pauca
465 1888 660 1937 Martialis.
