1716 2927
297 150 984 200 EPIGRAMMATUM
1016 155 1061 201 L.
1097 159 1179 204 W.

530 333 624 380 LX.
659 336 734 380 De
753 339 954 383 Curiatio„

111 444 321 532 ARDEA
340 480 493 530 solstitio
512 519 524 537 ,
546 484 793 549 Castranaque
812 505 894 533 rura
913 502 1108 551 petantur,

178 556 333 619 Quique
355 557 543 603 Cleonaeo
563 554 680 604 fidere
699 559 817 606 fervet
835 579 951 624 ager3

107 631 205 675 Cum
226 628 436 674 Tiburtinas
456 630 605 674 damnet
622 629 806 676 Curiatius
824 651 925 679 auras
940 668 953 688 ,

179 706 280 748 Inter
299 701 460 746 laudatas
476 701 521 745 ad
544 703 656 764 Styga
675 702 794 748 miffus
811 723 932 767 aquas.

109 775 229 821 Nullo
250 774 320 820 fata
340 775 429 820 loco
450 775 558 837 poffis
578 776 801 822 excludere:
824 796 905 824 cum
923 797 1024 825 mors

176 847 353 902 Venerit,
373 847 411 893 in
431 847 558 894 medio
578 848 718 895 Tibure
736 849 898 896 Sardinia
918 851 981 897 est.

496 1044 611 1091 LXI.
634 1046 689 1091 In
711 1048 976 1093 Mancinum.
1024 1110 1031 1118 x

115 1152 373 1239 DONASSE
392 1190 547 1238 amicum
569 1192 635 1239 tibi
652 1194 810 1242 ducenta
823 1231 835 1250 ‚
854 1196 1071 1253 Mancine7‘

119 1264 248 1326 Nuper
269 1263 430 1326 superbo
452 1265 555 1310 laetus
573 1285 640 1312 ore
663 1267 808 1327 jaRasti.

119 1337 282 1395 Quartus
299 1336 377 1381 dies
393 1337 444 1380 est
459 1370 471 1389 ‚
489 1336 525 1381 in
547 1338 670 1383 schola
690 1356 886 1401 poetarum

121 1410 218 1453 Dum
239 1407 442 1454 fabulamur
456 1444 467 1461 ‚
490 1409 651 1454 millibus
669 1412 798 1457 decem
821 1413 914 1460 dixti

122 1482 243 1526 Emtas
261 1480 423 1525 lacernas
442 1499 572 1526 munus
591 1482 662 1527 effe
685 1484 904 1545 Pompillae3

121 1551 359 1614 Sardonycha
376 1569 519 1602 verum,
537 1552 718 1616 lineisque
739 1570 794 1600 ter
809 1555 963 1602 cinEtum
978 1592 992 1612 ,

122 1626 297 1688 Duasque
316 1625 448 1671 {imiles
464 1624 630 1672 fluctibus
649 1626 754 1671 maris
776 1644 936 1690 gemmas

122 1699 273 1746 Dedisse
289 1700 423 1745 Baffam
436 1734 447 1752 ‚
466 1698 697 1762 Caeliamque
715 1698 845 1759 jurasti.

123 1775 225 1818 Here
241 1809 252 1826 ,
271 1773 318 1818 de
334 1772 478 1817 theatro
491 1806 502 1825 ‚
522 1771 696 1817 Pollione
714 1787 884 1818 cantante
897 1808 910 1827 ,

126 1849 225 1892 Cum
244 1847 365 1893 subito
382 1847 499 1892 abires
515 1881 528 1899 ,
543 1847 629 1891 dum
647 1844 743 1910 fugis
755 1882 767 1900 ‚
788 1846 1000 1910 loquebaris
1013 1882 1026 1901 ,

129 1918 352 1965 Hereditatis
369 1918 435 1964 tibi
452 1934 614 1963 trecenta
633 1919 793 1963 veniffe:

130 1994 177 2037 Et
193 2010 299 2038 mane
318 2008 466 2038 centum
478 2028 490 2046 ‚
507 1991 547 2037 &
565 1991 645 2054 post
663 1991 853 2037 meridiem
870 2006 1032 2039 centium

131 2065 237 2125 Quid
255 2065 319 2111 tibi
341 2065 484 2111 sodales
501 2064 654 2110 fecimus
675 2064 757 2109 mali
777 2071 947 2110 tantum?

133 2140 314 2186 Miserere
331 2140 401 2202 jam
419 2137 576 2185 crudelis
589 2173 600 2190 ,
616 2137 655 2183 δε
675 2135 737 2181 file
757 2137 919 2184 taudem.

135 2216 235 2266 Aut,
255 2213 279 2259 fi
300 2230 420 2259 tacere
443 2213 567 2276 lingua
588 2230 664 2257 non
684 2211 804 2274 potest
824 2211 884 2257 ista
898 2246 910 2265 ‚

137 2287 352 2350 Aliquando
376 2306 476 2334 narra
491 2322 503 2340 ‚
523 2286 626 2350 quod
645 2286 801 2333 velimus
817 2285 956 2333 audire.

1303 169 1390 220 157

1354 1867 1410 1896 10
