1716 2927
212 168 896 222 'EPIGRAMMATUM
925 177 973 222 L.
1009 178 1091 226 W.
1198 182 1291 239 143·

357 363 528 411 XXVI.
563 366 644 410 Ad
662 364 941 431 Posthumum.

11 476 200 583 QUOD
221 529 256 562 te
272 531 379 562 mane
407 513 509 560 domi
528 527 612 560 toto
634 532 708 560 non
726 512 883 560 vidimus
900 530 999 561 anno
1011 548 1026 573 ‚

83 587 147 634 Vis
166 588 284 635 dicam
298 623 310 642 ‚
331 603 503 651 quantum
519 621 531 637 ,
550 586 746 632 posthume
759 621 771 638 ,
791 586 1044 651 perdiderim?

11 662 199 709 'Tricenos
213 699 225 716 ‚
244 677 336 725 puto
353 696 365 714 ‚
384 661 438 707 bis
451 655 635 713 ‚3‘v3cenos
654 675 731 707 ter.
749 677 841 723 puto
855 695 866 713 ‚
890 677 1072 706 nummos.

77 732 281 797 ‘Ignosces3
299 732 464 796 togulam
479 766 492 786 ‚
512 730 708 778 posthume
722 767 735 787 ‚
755 730 870 796 pluris
886 749 986 778 emo.

119 916 309 963 XXVII.
342 918 423 961 Ad
446 916 639 978 Caesarem
656 917 893 984 Augustum
913 919 1229 966 Domitianum.

24 1031 175 1117 Sfflpr.
191 1085 295 1114 meos
311 1066 460 1114 laudare
478 1066 602 1122 soles,
623 1066 807 1130 Auguste„
829 1064 866 1109 .'''
907 1065 993 1113 Ἴος.

89 1139 232 1188 Ιηνὶἀυς
249 1158 337 1186 ecce
357 1155 490 1204 negat:
512 1158 587 1187 non
609 1140 728 1186 minus
746 1157 839 1204 ergo
863 1139 975 1189 soles.

26 1209 131 1271 Quid
145 1246 158 1264 .,
177 1211 279 1274 quod
297 1211 486 1258 honorato
505 1231 580 1258 non
600 1213 678 1258 sola
695 1230 793 1258 voce
811 1212 939 1258 dedisti
955 1248 968 1267 ‚

94 1287 183 1331 Non
202 1284 291 1330 alius
310 1301 456 1347 poterat
475 1304 557 1348 quae
578 1286 664 1332 dare
684 1286 785 1332 dona
804 1284 918 1331 mihi?

29 1359 127 1403 Ecce
147 1356 277 1402 iterum
298 1356 424 1420 nigros
443 1356 612 1419 corrodit
635 1356 771 1402 lividus
789 1375 944 1420 ungues.

95 1432 150 1475 Da
163 1464 176 1483 ,
195 1429 320 1476 Caesar
334 1464 346 1483 ‚
364 1444 466 1475 tanto
485 1445 524 1475 tu
544 1428 660 1493 magis
674 1464 686 1483 ‚
704 1443 743 1474 ut
759 1429 898 1475 dolent.

386 1614 599 1660 XXVIII.
637 1615 719 1659 Ad
742 1615 911 1665 Chloen„

36 1725 289 1812 DONAsn
306 1774 438 1807 tenero
453 1794 466 1814 ‚
485 1760 611 1807 Chloe
628 1797 640 1817 ‚
659 1762 829 1825 Luperco

37 1836 212 1898 Hkspanas
227 1869 239 1887 ‚
256 1833 460 1896 Tyriasque
475 1868 488 1886 ,
505 1832 752 1896 coccinafque
766 1868 779 1886 ‚

38 1911 84 1954 Et
100 1909 214 1955 lotam
233 1907 363 1970 tepido
382 1923 508 1972 togam
527 1906 665 1952 Galeso
680 1941 693 1959 ‚

42 1983 156 2028 Indos
178 1981 422 2045 sardonychas
438 2015 450 2032 ,
466 1981 618 2043 Scythas
638 1981 844 2044 smaragdos
860 2015 872 2035 ,

42 2057 89 2100 Et
107 2070 254 2100 centum
274 2053 447 2099 dominos
473 2071 582 2098 novae
603 2068 763 2099 monetae
777 2088 791 2106 ‚

41 2130 90 2173 Et
109 2126 288 2190 quidquid
309 2126 400 2191 petit
419 2127 532 2189 usque
552 2126 588 2173 ὅ(
608 2127 725 2190 usque
740 2128 870 2174 donas.

44 2203 114 2244 Vae
133 2200 307 2264 glabraria
323 2236 335 2255 ‚
353 2220 411 2247 vae
430 2200 495 2247 tibi
511 2201 671 2248 misella:

45 2275 192 2321 Nudam
211 2293 245 2323 te
261 2276 388 2324 statuet
408 2294 489 2323 tuus
507 2279 702 2340 Lupercus.
