1716 2927
354 147 441 196 190
604 134 671 177 M.
713 133 874 177 VAL.
911 131 1360 176 MARTJALJS

666 315 835 385 XLVI7
865 317 945 361 Ad
962 316 1298 361 Diadumenum,

345 426 518 514 BASIA
535 465 621 510 dum
645 465 738 512 nolo
751 500 763 518 ,
787 464 848 510 nifi
869 482 951 527 quae
968 464 1139 510 laetantia
1158 463 1297 528 carpsi,

411 541 456 583 Et
473 538 595 600 placet
611 537 662 583 ira
680 537 768 584 mihi
789 538 871 602 plus
889 554 949 583 tua
965 573 978 590 ,
998 555 1106 600 quam
1128 538 1263 584 facies:

345 613 398 656 Ut
416 627 452 655 te
468 610 565 671 saepe
582 628 714 673 rogem
727 646 741 668 ,
762 610 867 656 caedo
880 646 892 664 ‚
911 609 1143 655 Diadumene
1156 645 1167 662 ,
1186 610 1306 674 saepe;

411 684 639 748 Consequor
658 685 755 741 hoc,
774 701 814 730 ut
833 702 893 731 me
911 702 981 732 nec
1002 685 1127 731 timeas
1140 719 1152 739 ,
1170 703 1237 731 nec
1255 702 1366 732 ames⁰

718 852 906 920 XLvn.
944 875 1019 919 De
1042 876 1236 921 Philone.

275 1053 277 1055 ¹
348 990 632 1082 NUNQUAM
649 1028 686 1074 se
704 1007 862 1075 coenaffe
881 1028 985 1075 domi
1004 1028 1116 1105 Philo.
1130 1030 1245 1091 jurat:
1267 1028 1307 1076 δε
1325 1028 1400 1076 hoc
1417 1029 1493 1076 est:

410 1104 502 1148 Non
519 1118 667 1154 coenat,
684 1099 833 1163 quoties
851 1117 964 1146 nemo
983 1116 1136 1146 vocav1t
1154 1118 1250 1146 eum.

710 1282 913 1329 XLVIII.
949 1284 1024 1328 De
1043 1286 1088 1328 E
1090 1288 1253 1343 ncolpot.

351 1398 522 1505 Qum
541 1452 619 1481 non
636 1432 742 1497 cogit
758 1440 886 1480 amor?
911 1431 1026 1480 secuit
1045 1432 1201 1479 nolente
1221 1433 1377 1497 capillos

416 1509 606 1572 Encolpus
626 1508 782 1554 domino
796 1544 808 1561 ,
830 1526 899 1553 nec
919 1507 1144 1571 prohibente
1161 1523 1293 1554 tamen.

352 1581 514 1629 Permifit
529 1616 541 1634 ‚
560 1579 736 1643 flevitque
754 1582 907 1626 Pudens.
935 1580 983 1625 fic
1001 1580 1097 1625 ceffit
1116 1579 1265 1626 habenis

417 1652 557 1701 Audaci
576 1654 720 1716 questus
737 1653 784 1698 de
799 1653 1031 1698 Phaethonte
1050 1655 1166 1715 pater.

354 1726 453 1772 Talis
475 1741 597 1789 raptus
615 1726 729 1788 Hylas
745 1760 756 1778 ,
774 1724 854 1770 talis
874 1724 1072 1788 deprensus
1092 1724 1259 1770 Achilles

420 1799 607 1863 Deposuit
624 1799 784 1863 gaudens
797 1833 813 1851 ‚
827 1814 940 1844 matre
957 1799 1113 1843 dolente
1127 1833 1139 1850 ‚
1160 1815 1296 1843 comas.

356 1873 429 1920 Sed
446 1889 484 1919 tu
503 1890 571 1918 nec
591 1890 752 1935 propera
766 1908 778 1927 ‚
798 1871 971 1917 brevibus
991 1889 1060 1916 nec
1081 1871 1191 1916 crede
1209 1868 1348 1933 capillis
1359 1888 1373 1925 3

419 1942 616 2009 Tardaque
636 1963 706 2009 pro
725 1960 828 1993 tanto
847 1961 1000 1991 munere
1012 1979 1026 2000 ‚
1043 1942 1172 2009 barba,
1187 1940 1287 1990 veni.
