<?xml version="1.0" encoding="UTF-8"?>
<!DOCTYPE html PUBLIC "-//W3C//DTD XHTML 1.0 Transitional//EN"
    "http://www.w3.org/TR/xhtml1/DTD/xhtml1-transitional.dtd">
<html xmlns="http://www.w3.org/1999/xhtml" xml:lang="en" lang="en">
 <head>
  <title>
</title>
<meta http-equiv="Content-Type" content="text/html;charset=utf-8" />
  <meta name='ocr-system' content='tesseract 3.04.00' />
  <meta name='ocr-capabilities' content='ocr_page ocr_carea ocr_par ocr_line ocrx_word'/>
</head>
<body>
  <div class='ocr_page' id='page_1' title='image "./epigrammataadopt00martuoft_0377.png"; bbox 0 0 1716 2927; ppageno 0'>
   <div class='ocr_carea' id='block_1_1' title="bbox 273 142 1155 195">
    <p class='ocr_par' dir='ltr' id='par_1_1' title="bbox 273 142 1155 195">
     <span class='ocr_line' id='line_1_1' title="bbox 273 142 1155 195; baseline 0.003 -3"><span class='ocrx_word' id='word_1_1' title='bbox 273 142 951 192; x_wconf 77' lang='lat' dir='ltr'><em>&#39;EPIGRAMMATUM</em></span> <span class='ocrx_word' id='word_1_2' title='bbox 981 148 1029 192; x_wconf 88' lang='lat' dir='ltr'>L.</span> <span class='ocrx_word' id='word_1_3' title='bbox 1063 144 1155 195; x_wconf 87' lang='lat' dir='ltr'>IX.</span> 
     </span>
    </p>
   </div>
   <div class='ocr_carea' id='block_1_2' title="bbox 494 321 881 368">
    <p class='ocr_par' dir='ltr' id='par_1_2' title="bbox 494 321 881 368">
     <span class='ocr_line' id='line_1_2' title="bbox 494 321 881 368; baseline 0.003 -1"><span class='ocrx_word' id='word_1_4' title='bbox 494 321 600 367; x_wconf 86' lang='lat' dir='ltr'>XVI</span> <span class='ocrx_word' id='word_1_5' title='bbox 605 356 614 368; x_wconf 94' lang='lat'><em>.</em></span> <span class='ocrx_word' id='word_1_6' title='bbox 650 321 724 367; x_wconf 85' lang='lat' dir='ltr'>De</span> <span class='ocrx_word' id='word_1_7' title='bbox 745 323 881 368; x_wconf 79' lang='lat' dir='ltr'>Chloe.</span> 
     </span>
    </p>
   </div>
   <div class='ocr_carea' id='block_1_3' title="bbox 79 434 1064 611">
    <p class='ocr_par' dir='ltr' id='par_1_3' title="bbox 79 434 1064 611">
     <span class='ocr_line' id='line_1_3' title="bbox 79 434 1064 538; baseline 0.001 -18"><span class='ocrx_word' id='word_1_8' title='bbox 79 434 126 521; x_wconf 82' lang='lat' dir='ltr'>I</span> <span class='ocrx_word' id='word_1_9' title='bbox 130 489 351 520; x_wconf 78' lang='lat' dir='ltr'>NSCRIPsrr</span> <span class='ocrx_word' id='word_1_10' title='bbox 370 473 514 522; x_wconf 85' lang='lat' dir='ltr'>tumulo</span> <span class='ocrx_word' id='word_1_11' title='bbox 541 474 682 538; x_wconf 85' lang='lat' dir='ltr'>septem</span> <span class='ocrx_word' id='word_1_12' title='bbox 702 473 883 520; x_wconf 83' lang='lat' dir='ltr'>celebrata</span> <span class='ocrx_word' id='word_1_13' title='bbox 899 471 1064 521; x_wconf 81' lang='lat' dir='ltr'>virorum</span> 
     </span>
     <span class='ocr_line' id='line_1_4' title="bbox 143 545 958 611; baseline 0 -19"><span class='ocrx_word' id='word_1_14' title='bbox 143 550 190 594; x_wconf 84' lang='lat' dir='ltr'>Se</span> <span class='ocrx_word' id='word_1_15' title='bbox 209 547 332 595; x_wconf 83' lang='lat' dir='ltr'>feciffe</span> <span class='ocrx_word' id='word_1_16' title='bbox 359 546 494 595; x_wconf 83' lang='lat' dir='ltr'><strong>Chloe.</strong></span> <span class='ocrx_word' id='word_1_17' title='bbox 516 546 605 611; x_wconf 81' lang='lat' dir='ltr'>quid</span> <span class='ocrx_word' id='word_1_18' title='bbox 626 562 717 611; x_wconf 89' lang='lat' dir='ltr'>pote</span> <span class='ocrx_word' id='word_1_19' title='bbox 735 545 958 611; x_wconf 76' lang='lat' dir='ltr'>fimplicius?</span> 
     </span>
    </p>
   </div>
   <div class='ocr_carea' id='block_1_4' title="bbox 349 736 1002 812">
    <p class='ocr_par' dir='ltr' id='par_1_4' title="bbox 349 736 1002 812">
     <span class='ocr_line' id='line_1_5' title="bbox 349 736 1002 812; baseline 0.005 -31"><span class='ocrx_word' id='word_1_20' title='bbox 349 806 356 812; x_wconf 90' lang='lat'><strong><em>.</em></strong></span> <span class='ocrx_word' id='word_1_21' title='bbox 422 736 569 783; x_wconf 86' lang='lat' dir='ltr'>XVII.</span> <span class='ocrx_word' id='word_1_22' title='bbox 603 739 675 784; x_wconf 83' lang='lat' dir='ltr'>De</span> <span class='ocrx_word' id='word_1_23' title='bbox 694 755 809 784; x_wconf 87' lang='lat' dir='ltr'><em>coma</em></span> <span class='ocrx_word' id='word_1_24' title='bbox 830 737 1002 784; x_wconf 80' lang='lat' dir='ltr'><em>Earini.</em></span> 
     </span>
    </p>
   </div>
   <div class='ocr_carea' id='block_1_5' title="bbox 80 857 1127 1328">
    <p class='ocr_par' dir='ltr' id='par_1_5' title="bbox 80 857 1127 1035">
     <span class='ocr_line' id='line_1_6' title="bbox 80 857 1127 961; baseline -0.003 -16"><span class='ocrx_word' id='word_1_25' title='bbox 80 857 380 945; x_wconf 65' lang='lat' dir='ltr'>Coxsmum</span> <span class='ocrx_word' id='word_1_26' title='bbox 398 896 529 944; x_wconf 80' lang='lat' dir='ltr'>formae</span> <span class='ocrx_word' id='word_1_27' title='bbox 550 896 737 960; x_wconf 86' lang='lat' dir='ltr'>speculum</span> <span class='ocrx_word' id='word_1_28' title='bbox 755 894 955 960; x_wconf 79' lang='lat' dir='ltr'>dulcesque</span> <span class='ocrx_word' id='word_1_29' title='bbox 973 884 1127 961; x_wconf 78' lang='lat' dir='ltr'>caplllos</span> 
     </span>
     <span class='ocr_line' id='line_1_7' title="bbox 153 966 890 1035; baseline -0.007 -17"><span class='ocrx_word' id='word_1_30' title='bbox 153 976 354 1035; x_wconf 83' lang='lat' dir='ltr'>Pergameo</span> <span class='ocrx_word' id='word_1_31' title='bbox 374 968 497 1033; x_wconf 80' lang='lat' dir='ltr'>posuit</span> <span class='ocrx_word' id='word_1_32' title='bbox 513 968 611 1014; x_wconf 83' lang='lat' dir='ltr'>dona</span> <span class='ocrx_word' id='word_1_33' title='bbox 631 966 762 1014; x_wconf 80' lang='lat' dir='ltr'>sacrata</span> <span class='ocrx_word' id='word_1_34' title='bbox 778 971 863 1014; x_wconf 91' lang='lat' dir='ltr'>Deo</span> <span class='ocrx_word' id='word_1_35' title='bbox 878 1003 890 1022; x_wconf 96' lang='lat'>,</span> 
     </span>
    </p>

    <p class='ocr_par' dir='ltr' id='par_1_6' title="bbox 84 1039 945 1180">
     <span class='ocr_line' id='line_1_8' title="bbox 84 1039 899 1108; baseline -0.006 -18"><span class='ocrx_word' id='word_1_36' title='bbox 84 1045 162 1092; x_wconf 74' lang='lat' dir='ltr'>llle‘</span> <span class='ocrx_word' id='word_1_37' title='bbox 173 1062 265 1108; x_wconf 89' lang='lat' dir='ltr'>puer</span> <span class='ocrx_word' id='word_1_38' title='bbox 283 1058 361 1090; x_wconf 86' lang='lat' dir='ltr'>tota</span> <span class='ocrx_word' id='word_1_39' title='bbox 381 1041 539 1087; x_wconf 76' lang='lat' dir='ltr'>domino</span> <span class='ocrx_word' id='word_1_40' title='bbox 563 1039 773 1104; x_wconf 74' lang='lat' dir='ltr'>gratlffimus</span> <span class='ocrx_word' id='word_1_41' title='bbox 791 1041 870 1086; x_wconf 81' lang='lat' dir='ltr'>aula</span> <span class='ocrx_word' id='word_1_42' title='bbox 886 1075 899 1096; x_wconf 88' lang='lat'><strong>‚</strong></span> 
     </span>
     <span class='ocr_line' id='line_1_9' title="bbox 152 1114 945 1180; baseline -0.005 -16"><span class='ocrx_word' id='word_1_43' title='bbox 152 1117 315 1164; x_wconf 72' lang='lat' dir='ltr'>Nomine</span> <span class='ocrx_word' id='word_1_44' title='bbox 336 1117 398 1180; x_wconf 84' lang='lat' dir='ltr'>qui</span> <span class='ocrx_word' id='word_1_45' title='bbox 416 1116 532 1180; x_wconf 83' lang='lat' dir='ltr'>fignat</span> <span class='ocrx_word' id='word_1_46' title='bbox 549 1130 717 1178; x_wconf 84' lang='lat' dir='ltr'>tempora</span> <span class='ocrx_word' id='word_1_47' title='bbox 737 1132 846 1160; x_wconf 83' lang='lat' dir='ltr'>verna</span> <span class='ocrx_word' id='word_1_48' title='bbox 865 1114 945 1161; x_wconf 85' lang='lat' dir='ltr'>suo.</span> 
     </span>
    </p>

    <p class='ocr_par' dir='ltr' id='par_1_7' title="bbox 87 1187 952 1328">
     <span class='ocr_line' id='line_1_10' title="bbox 87 1187 909 1253; baseline -0.006 -17"><span class='ocrx_word' id='word_1_49' title='bbox 87 1191 191 1236; x_wconf 66' lang='lat' dir='ltr'>Felix</span> <span class='ocrx_word' id='word_1_50' title='bbox 206 1225 218 1244; x_wconf 91' lang='lat'>,</span> <span class='ocrx_word' id='word_1_51' title='bbox 234 1209 317 1253; x_wconf 89' lang='lat' dir='ltr'>quae</span> <span class='ocrx_word' id='word_1_52' title='bbox 337 1189 399 1236; x_wconf 83' lang='lat' dir='ltr'>tali</span> <span class='ocrx_word' id='word_1_53' title='bbox 419 1189 584 1235; x_wconf 85' lang='lat' dir='ltr'>censetur</span> <span class='ocrx_word' id='word_1_54' title='bbox 604 1205 757 1233; x_wconf 86' lang='lat' dir='ltr'>munere</span> <span class='ocrx_word' id='word_1_55' title='bbox 776 1187 909 1233; x_wconf 82' lang='lat' dir='ltr'>tellus!</span> 
     </span>
     <span class='ocr_line' id='line_1_11' title="bbox 153 1263 952 1328; baseline -0.006 -17"><span class='ocrx_word' id='word_1_56' title='bbox 153 1266 236 1311; x_wconf 90' lang='lat' dir='ltr'>Nec</span> <span class='ocrx_word' id='word_1_57' title='bbox 253 1265 506 1328; x_wconf 81' lang='lat' dir='ltr'>Ganymedeas</span> <span class='ocrx_word' id='word_1_58' title='bbox 523 1263 647 1310; x_wconf 83' lang='lat' dir='ltr'>mallet</span> <span class='ocrx_word' id='word_1_59' title='bbox 667 1263 800 1309; x_wconf 80' lang='lat' dir='ltr'>habere</span> <span class='ocrx_word' id='word_1_60' title='bbox 817 1279 952 1308; x_wconf 71' lang='lat' dir='ltr'><strong>comas.</strong></span> 
     </span>
    </p>
   </div>
   <div class='ocr_carea' id='block_1_6' title="bbox 267 1432 1110 1493">
    <p class='ocr_par' dir='ltr' id='par_1_8' title="bbox 267 1432 1110 1493">
     <span class='ocr_line' id='line_1_12' title="bbox 267 1432 1110 1493; baseline -0.006 -9"><span class='ocrx_word' id='word_1_61' title='bbox 267 1437 431 1484; x_wconf 79' lang='lat' dir='ltr'>XVIII.</span> <span class='ocrx_word' id='word_1_62' title='bbox 459 1437 533 1482; x_wconf 84' lang='lat' dir='ltr'>De</span> <span class='ocrx_word' id='word_1_63' title='bbox 560 1438 697 1481; x_wconf 81' lang='lat' dir='ltr'>eadem</span> <span class='ocrx_word' id='word_1_64' title='bbox 723 1436 783 1479; x_wconf 80' lang='lat' dir='ltr'>ad</span> <span class='ocrx_word' id='word_1_65' title='bbox 798 1432 1110 1493; x_wconf 79' lang='lat' dir='ltr'>AEfiulapium.</span> 
     </span>
    </p>
   </div>
   <div class='ocr_carea' id='block_1_7' title="bbox 93 1548 1103 2160">
    <p class='ocr_par' dir='ltr' id='par_1_9' title="bbox 93 1548 1103 2160">
     <span class='ocr_line' id='line_1_13' title="bbox 93 1548 1103 1646; baseline -0.009 -14"><span class='ocrx_word' id='word_1_66' title='bbox 93 1548 332 1637; x_wconf 78' lang='lat' dir='ltr'>LATONAE</span> <span class='ocrx_word' id='word_1_67' title='bbox 347 1583 557 1630; x_wconf 85' lang='lat' dir='ltr'>venerande</span> <span class='ocrx_word' id='word_1_68' title='bbox 578 1600 695 1646; x_wconf 86' lang='lat' dir='ltr'>nepos</span> <span class='ocrx_word' id='word_1_69' title='bbox 710 1617 722 1635; x_wconf 91' lang='lat'>‚</span> <span class='ocrx_word' id='word_1_70' title='bbox 740 1580 803 1645; x_wconf 82' lang='lat' dir='ltr'>qui</span> <span class='ocrx_word' id='word_1_71' title='bbox 820 1579 966 1626; x_wconf 80' lang='lat' dir='ltr'>mitibus</span> <span class='ocrx_word' id='word_1_72' title='bbox 983 1579 1103 1625; x_wconf 75' lang='lat' dir='ltr'>herbis</span> 
     </span>
     <span class='ocr_line' id='line_1_14' title="bbox 158 1652 1021 1718; baseline -0.009 -14"><span class='ocrx_word' id='word_1_73' title='bbox 158 1662 346 1705; x_wconf 81' lang='lat' dir='ltr'>Parcarum</span> <span class='ocrx_word' id='word_1_74' title='bbox 363 1674 495 1702; x_wconf 85' lang='lat' dir='ltr'>exoras</span> <span class='ocrx_word' id='word_1_75' title='bbox 510 1654 623 1718; x_wconf 87' lang='lat' dir='ltr'>pensa</span> <span class='ocrx_word' id='word_1_76' title='bbox 638 1689 650 1708; x_wconf 88' lang='lat'>‚</span> <span class='ocrx_word' id='word_1_77' title='bbox 667 1653 870 1716; x_wconf 84' lang='lat' dir='ltr'>brevesque</span> <span class='ocrx_word' id='word_1_78' title='bbox 889 1652 1021 1698; x_wconf 83' lang='lat' dir='ltr'>colos:</span> 
     </span>
     <span class='ocr_line' id='line_1_15' title="bbox 94 1725 978 1790; baseline -0.009 -10"><span class='ocrx_word' id='word_1_79' title='bbox 94 1736 176 1780; x_wconf 83' lang='lat' dir='ltr'>Hos</span> <span class='ocrx_word' id='word_1_80' title='bbox 193 1732 258 1778; x_wconf 75' lang='lat' dir='ltr'>tibi</span> <span class='ocrx_word' id='word_1_81' title='bbox 277 1731 442 1777; x_wconf 82' lang='lat' dir='ltr'>laudatos</span> <span class='ocrx_word' id='word_1_82' title='bbox 463 1728 619 1776; x_wconf 78' lang='lat' dir='ltr'>domino</span> <span class='ocrx_word' id='word_1_83' title='bbox 631 1729 702 1788; x_wconf 13' lang='lat' dir='ltr'>Vsuo</span> <span class='ocrx_word' id='word_1_84' title='bbox 720 1743 805 1775; x_wconf 77' lang='lat' dir='ltr'>vota</span> <span class='ocrx_word' id='word_1_85' title='bbox 823 1725 978 1790; x_wconf 82' lang='lat' dir='ltr'>capillos</span> 
     </span>
     <span class='ocr_line' id='line_1_16' title="bbox 162 1802 841 1864; baseline -0.01 -12"><span class='ocrx_word' id='word_1_86' title='bbox 162 1805 227 1852; x_wconf 90' lang='lat' dir='ltr'>llle</span> <span class='ocrx_word' id='word_1_87' title='bbox 245 1820 326 1849; x_wconf 86' lang='lat' dir='ltr'>tuus</span> <span class='ocrx_word' id='word_1_88' title='bbox 342 1803 439 1849; x_wconf 75' lang='lat' dir='ltr'>Latia</span> <span class='ocrx_word' id='word_1_89' title='bbox 456 1802 548 1848; x_wconf 81' lang='lat' dir='ltr'>mifit</span> <span class='ocrx_word' id='word_1_90' title='bbox 566 1802 610 1847; x_wconf 88' lang='lat' dir='ltr'>ab</span> <span class='ocrx_word' id='word_1_91' title='bbox 628 1802 718 1847; x_wconf 84' lang='lat' dir='ltr'>urbe</span> <span class='ocrx_word' id='word_1_92' title='bbox 738 1819 841 1864; x_wconf 82' lang='lat' dir='ltr'>puer.</span> 
     </span>
     <span class='ocr_line' id='line_1_17' title="bbox 99 1873 998 1930; baseline -0.006 -5"><span class='ocrx_word' id='word_1_93' title='bbox 99 1877 252 1925; x_wconf 80' lang='lat' dir='ltr'>Addidit</span> <span class='ocrx_word' id='word_1_94' title='bbox 272 1877 311 1924; x_wconf 64' lang='grc' dir='ltr'>δε</span> <span class='ocrx_word' id='word_1_95' title='bbox 331 1875 484 1922; x_wconf 80' lang='lat' dir='ltr'>nitidum</span> <span class='ocrx_word' id='word_1_96' title='bbox 504 1874 645 1921; x_wconf 82' lang='lat' dir='ltr'>sacratis</span> <span class='ocrx_word' id='word_1_97' title='bbox 664 1873 822 1918; x_wconf 82' lang='lat' dir='ltr'>crinibus</span> <span class='ocrx_word' id='word_1_98' title='bbox 841 1873 969 1920; x_wconf 89' lang='lat' dir='ltr'>orbem</span> <span class='ocrx_word' id='word_1_99' title='bbox 984 1910 998 1930; x_wconf 84' lang='lat'><em>‚</em></span> 
     </span>
     <span class='ocr_line' id='line_1_18' title="bbox 163 1945 826 2012; baseline -0.011 -15"><span class='ocrx_word' id='word_1_100' title='bbox 163 1954 255 2012; x_wconf 84' lang='lat' dir='ltr'>Quo</span> <span class='ocrx_word' id='word_1_101' title='bbox 274 1949 364 1995; x_wconf 82' lang='lat' dir='ltr'>felix</span> <span class='ocrx_word' id='word_1_102' title='bbox 382 1947 492 1993; x_wconf 79' lang='lat' dir='ltr'>facies</span> <span class='ocrx_word' id='word_1_103' title='bbox 510 1946 633 2008; x_wconf 79' lang='lat' dir='ltr'>judice</span> <span class='ocrx_word' id='word_1_104' title='bbox 654 1961 731 1992; x_wconf 80' lang='lat' dir='ltr'>tota</span> <span class='ocrx_word' id='word_1_105' title='bbox 747 1945 826 1990; x_wconf 79' lang='lat' dir='ltr'>fuit.</span> 
     </span>
     <span class='ocr_line' id='line_1_19' title="bbox 97 2016 964 2086; baseline -0.008 -15"><span class='ocrx_word' id='word_1_106' title='bbox 97 2026 156 2071; x_wconf 89' lang='lat' dir='ltr'>Tu</span> <span class='ocrx_word' id='word_1_107' title='bbox 174 2022 334 2086; x_wconf 78' lang='lat' dir='ltr'>juvenile</span> <span class='ocrx_word' id='word_1_108' title='bbox 353 2022 461 2067; x_wconf 85' lang='lat' dir='ltr'>decus</span> <span class='ocrx_word' id='word_1_109' title='bbox 479 2018 578 2066; x_wconf 84' lang='lat' dir='ltr'>serva</span> <span class='ocrx_word' id='word_1_110' title='bbox 593 2054 606 2072; x_wconf 83' lang='lat'>‚</span> <span class='ocrx_word' id='word_1_111' title='bbox 630 2037 675 2064; x_wconf 89' lang='lat' dir='ltr'>ne</span> <span class='ocrx_word' id='word_1_112' title='bbox 695 2016 883 2081; x_wconf 78' lang='lat' dir='ltr'>pulchrior</span> <span class='ocrx_word' id='word_1_113' title='bbox 900 2017 964 2064; x_wconf 80' lang='lat' dir='ltr'>ille</span> 
     </span>
     <span class='ocr_line' id='line_1_20' title="bbox 167 2091 924 2160; baseline -0.007 -17"><span class='ocrx_word' id='word_1_114' title='bbox 167 2102 211 2147; x_wconf 88' lang='lat' dir='ltr'>In</span> <span class='ocrx_word' id='word_1_115' title='bbox 229 2099 344 2160; x_wconf 81' lang='lat' dir='ltr'>longa</span> <span class='ocrx_word' id='word_1_116' title='bbox 363 2094 474 2143; x_wconf 78' lang='lat' dir='ltr'>fuerit</span> <span class='ocrx_word' id='word_1_117' title='bbox 492 2112 600 2159; x_wconf 84' lang='lat' dir='ltr'>quam</span> <span class='ocrx_word' id='word_1_118' title='bbox 618 2091 790 2141; x_wconf 75' lang='lat' dir='ltr'>breviore</span> <span class='ocrx_word' id='word_1_119' title='bbox 806 2110 924 2144; x_wconf 82' lang='lat' dir='ltr'><strong>coma.</strong></span> 
     </span>
    </p>
   </div>
   <div class='ocr_carea' id='block_1_8' title="bbox 1292 158 1352 212">
    <p class='ocr_par' dir='ltr' id='par_1_10' title="bbox 1292 158 1352 212">
     <span class='ocr_line' id='line_1_21' title="bbox 1292 158 1352 212; baseline 0 0"><span class='ocrx_word' id='word_1_120' title='bbox 1292 158 1352 212; x_wconf 76' lang='lat'>45</span> 
     </span>
    </p>
   </div>
  </div>
 </body>
</html>
