1716 2927
257 124 934 176 EPIGRAMMATUM
963 129 1012 172 L.
1050 127 1140 174 XI.
1257 140 1343 192 157

451 320 566 367 LXI.
602 322 676 365 De
698 318 917 376 Mannejo.

70 455 292 544 LmouA
307 495 454 542 maritus
468 531 480 550 ‚
499 495 665 542 moechus
684 512 751 541 ore
767 491 988 558 Mannejus,

70 567 349 614 Summoenianis
370 567 598 632 inquinatior
615 566 761 614 buccis:

75 643 202 700 Quem
221 659 302 687 cum
324 641 476 687 fenestra
495 640 589 686 vidit
609 660 628 687 a
647 641 833 686 Suburana

76 711 264 758 Obscoena
284 713 420 758 nudum
444 714 545 765 lena,
567 713 747 759 fornicem
767 709 905 765 cludit,

73 785 321 850 Mediumque
338 786 477 832 mavult
495 786 629 832 bafiare
643 821 654 839 ‚
677 804 783 850 quam
804 784 1005 830 summum:
1319 798 1351 850 'g'

75 861 203 906 Modo
223 859 284 923 qui
305 877 371 923 per
391 879 521 906 ornnes
540 861 716 907 viscerum
737 859 846 906 rubos
862 858 960 913 ibat,

78 933 126 977 Et
144 950 239 978 voce
259 948 356 978 certa
373 969 385 986 ‚
402 933 621 994 consciaque
639 932 784 978 dicebat
798 967 810 985 ‚

76 1007 173 1050 Puer
186 1039 198 1056 ‚
216 1023 261 1050 an
282 1006 405 1068 puella
423 1005 546 1051 matris
565 1005 653 1051 effer
674 1005 710 1051 in
728 1020 880 1059 ventre3
938 1056 941 1059 ,

80 1075 286 1138 (Gaudete
306 1077 415 1124 cunni
432 1098 443 1131 ;
462 1078 576 1125 vestra
599 1096 756 1140 namque
777 1094 832 1123 res
849 1068 924 1124 affl
942 1078 1021 1137 est)

80 1149 258 1212 Arrigere
277 1148 438 1212 linguam
458 1167 534 1196 non
557 1150 676 1213 potest
692 1149 912 1194 fututricem.
1299 1165 1353 1197 ιο

81 1220 177 1268 Narn
192 1257 202 1275 ‚
221 1223 306 1267 dum
326 1222 481 1268 tumenti
499 1223 632 1268 mersus
650 1222 762 1268 haeret
780 1221 819 1268 in
836 1222 945 1268 vulva
957 1256 971 1276 ‚

67 1297 131 1358 ,lEt
147 1294 333 1358 vagientes
351 1294 443 1339 intus
461 1293 560 1338 audit
579 1293 749 1347 infantes,

12 1392 14 1394 ·
86 1370 229 1412 Partem
247 1366 411 1430 gulosam
430 1365 540 1411 solvit
564 1365 738 1411 indecens
758 1364 931 1410 morbus:

87 1441 169 1486 Nec
187 1458 295 1505 purus
314 1439 385 1486 effe
404 1457 496 1486 nunc
513 1439 632 1503 potest
646 1474 658 1493 ‚
682 1457 750 1485 nec
772 1438 942 1501 impurus.

499 1637 633 1685 LXII.
667 1639 741 1684 De
760 1639 919 1685 Lesbia.

91 1769 287 1855 Li-:smA
306 1807 342 1854 se
360 1808 452 1869 jurat
473 1809 581 1873 gratis
600 1827 785 1872 nunquam
804 1810 876 1856 effe
897 1810 1061 1857 fututam

160 1883 297 1928 Verum
316 1880 390 1928 est:
412 1899 494 1929 cum
511 1882 603 1930 futui
623 1883 726 1939 vult,
743 1901 932 1931 numerare
948 1883 1055 1931 solet.
