1716 2927
336 159 436 194 πη
609 149 676 194 M.
716 148 875 194 VAL.
912 147 1367 196 MARTIALIS‘

640 320 768 368 XXI.
802 322 876 367 De
895 323 1026 367 Stella
1045 317 1090 368 δ’
1108 323 1318 370 Ianthida.

345 440 411 528 P
415 493 646 526 ERPETUAM
667 480 791 526 Stellae
807 480 893 524 dum
911 478 1034 543 jungit
1052 477 1215 526 Ianthida
1233 476 1306 526 vati

408 556 506 600 Laeta
524 557 647 600 Venus
661 590 673 608 ‚
691 553 784 600 dlxii·
796 591 807 609 ‚
829 553 913 600 Plus
930 554 1016 600 dare
1037 572 1114 599 non
1135 553 1257 617 potui.

341 628 433 672 Haec
450 644 571 673 coram
590 625 763 672 domina:
786 627 848 673 sed
867 626 1021 690 nequius
1038 625 1129 671 illud
1146 626 1184 672 in
1205 635 1358 680 aurem‚'

397 701 457 743 Tu
477 717 523 744 ne
542 698 630 761 quid
649 717 780 761 pecces
801 698 958 746 exitiose
974 735 985 753 ‚
1007 698 1106 745 vide.

296 781 299 787 “
340 772 447 833 Saepe
469 788 543 833 ego
565 769 738 816 lascivum
758 773 916 817 Martem
937 770 1131 816 furibunda
1153 770 1301 825 cecidi,

405 842 607 905 Legitimos
627 842 716 889 effet
735 836 818 888 cum
839 860 951 906 vagus
967 858 1052 889 ante
1067 858 1186 889 toros.

336 915 412 961 Sed
431 915 621 977 postquam
640 933 744 961 meus
761 915 809 961 est
824 952 835 970 ,
854 916 955 961 nulla
974 934 1034 962 me
1056 916 1195 980 pellice
1214 915 1331 962 laefit:
1407 903 1410 905 .

404 990 494 1032 Tam
514 986 611 1050 frugi
627 991 718 1035 luno
741 989 858 1035 vellet
875 988 1011 1035 habere
1032 992 1175 1035 lovem.

342 1058 447 1105 Dixlt
461 1094 472 1113 ‚
493 1059 531 1106 δε
548 1078 682 1106 arcano
704 1061 870 1124 percuffit
890 1061 1042 1124 peffilora
1062 1061 1162 1107 loro.

408 1133 516 1197 Plaga
533 1136 653 1196 juvat:
674 1133 737 1180 sed
754 1150 791 1180 tu
809 1134 880 1196 jam
899 1169 910 1187 ,
930 1136 1011 1179 Dea
1027 1169 1038 1188 ,
1057 1133 1161 1179 caede
1181 1132 1290 1180 duos.

694 1321 842 1367 XXII.
877 1323 931 1366 In
950 1321 1234 1366 Proculinam·

436 1486 528 1517 uon
548 1469 653 1516 nubis
666 1504 682 1523 ,
695 1467 894 1515 Proculina
909 1505 921 1523 ‚
938 1465 1155 1514 concubino
1171 1501 1185 1520 ‚

334 1532 389 1590 Et
411 1544 594 1589 moechum
612 1544 729 1589 modo
742 1578 753 1596 ‚
773 1560 869 1587 nunc
890 1540 978 1587 facis
997 1538 1195 1593 maritum3

343 1622 403 1664 Ne
419 1619 480 1664 Iex
497 1618 588 1663 Julia
604 1633 641 1663 te
658 1633 786 1663 notare
803 1615 930 1679 poffit:

344 1694 435 1738 Non
455 1689 559 1737 nubis
573 1724 586 1743 .,
605 1688 800 1735 Proculina
820 1723 832 1742 ‚
851 1687 913 1732 sed
932 1687 1066 1733 fateris.

728 1861 895 1910 XXIII.
929 1863 982 1907 In
1001 1861 1207 1906 Lesbiam.

345 1970 512 2056 STARE
529 2005 631 2068 jubes
649 2003 808 2050 nostrum
827 2002 971 2065 semper
986 1999 1052 2046 tibi
1067 2035 1079 2054 ‚
1099 1998 1251 2053 Lesbia,
1270 2014 1428 2063 penem:

409 2079 532 2125 Crede
549 2076 637 2123 mihi
650 2112 661 2130 ‚
680 2094 756 2122 non
775 2076 824 2121 est
843 2074 1004 2121 mentula
1021 2108 1032 2127 ‚
1051 2072 1154 2136 quod
1175 2071 1326 2133 digitus.

342 2155 400 2198 Tu
417 2152 505 2197 licet
523 2150 561 2197 δι
581 2149 745 2204 manibus
763 2187 774 2204 ‚
790 2149 933 2195 blandis
952 2147 990 2194 &
1009 2147 1163 2195 vocibus
1183 2145 1310 2193 instes:

407 2225 550 2270 Contra
568 2237 604 2269 te
627 2220 738 2269 facies
756 2220 951 2286 imperiosa
969 2236 1028 2267 tua
1045 2219 1107 2268 est.

1571 1148 1632 1178 10
