1716 2927
240 158 909 208 'EPIGRAMMATUM
944 162 991 207 L.
1026 136 1093 207 Ji.

452 364 586 412 LVII'.
619 365 700 410 Ad
726 367 916 411 Sextum.

58 487 316 576 Ancum
333 525 462 573 libram
483 525 675 573 mittebas:
696 526 786 574 fafika
806 525 936 573 selibra
952 523 1026 582 est,

122 602 194 648 Sed
212 601 361 666 piperis.
393 600 483 648 tanti
501 618 578 648 non
596 618 683 647 emo
698 635 711 654 ,
730 603 869 654 Sexte,
888 599 1010 665 piper.

420 796 576 844 LVIII.
601 800 649 843 A
652 801 683 844 d
701 799 965 846 Frontinum.

64 932 319 1026 ANxmus
333 972 502 1035 aequorei
521 972 688 1036 placidos
700 1008 712 1028 ‚
730 974 912 1022 Frontine
926 1010 940 1029 ‚
957 973 1111 1022 receffus
1122 1009 1137 1028 ‚

127 1047 172 1090 Et
190 1044 344 1109 propius
364 1047 469 1107 Bajas
485 1081 496 1099 ,
516 1046 763 1111 litoreamque
783 1049 936 1095 domum
950 1085 964 1104 ,

60 1121 108 1166 Et
125 1119 228 1182 quod
245 1118 451 1166 inhumanae
471 1122 621 1167 Cancro
645 1121 815 1169 fervente
835 1121 973 1169 cicadae

126 1195 217 1238 Non
237 1211 379 1239 novere
397 1211 524 1240 nemus
537 1229 549 1247 ‚
568 1193 842 1257 flumineosque
860 1195 960 1241 lacus
974 1230 988 1249 ‚

65 1255 163 1310 Du'rn
183 1264 307 1311 colui:
327 1265 453 1311 do&as
472 1282 593 1312 tecum
612 1266 800 1313 celebrare
817 1267 969 1313 vacabat

131 1336 312 1383 Pieridas:
333 1355 431 1382 nunc
450 1356 519 1383 nos
537 1338 688 1383 maxima
706 1342 824 1383 Roma
840 1339 938 1384 terit.

67 1408 138 1455 Hic
157 1409 246 1455 mihi
264 1410 412 1473 quando
433 1410 512 1456 dies
529 1429 630 1456 meus
650 1410 699 1455 est
717 1416 730 1455 ?
746 1410 918 1471 jaRamur
934 1409 972 1456 in
991 1412 1068 1458 alto

131 1481 243 1528 Urbis
258 1518 270 1536 ,
290 1481 330 1528 &
347 1480 384 1527 in
404 1482 514 1529 sterili
532 1483 604 1529 vita
624 1483 754 1529 labore
772 1481 882 1546 perit.

67 1560 169 1603 Dura
185 1556 380 1602 suburbani
400 1557 486 1603 dum
506 1558 634 1620 jugera
654 1556 829 1621 pascimus
847 1557 951 1621 agri,'

133 1628 360 1692 Vicinosque
380 1628 471 1682 tibi,
488 1628 607 1675 fauste
629 1628 790 1688 Quirine
803 1663 818 1682 .,
833 1629 953 1673 Lares.

70 1701 144 1748 Sed
162 1719 239 1748 non
253 1701 353 1748 solus
371 1715 490 1755 amat,
508 1700 572 1766 qui
591 1701 701 1747 nobie
718 1699 855 1764 dieque
874 1701 1083 1764 frequentat

139 1772 277 1820 Limina
288 1794 301 1827 ;
323 1791 390 1819 nec
409 1790 528 1820 vatem
547 1773 631 1820 talia
651 1774 779 1820 damna
794 1774 937 1820 decent.

75 1849 145 1892 Per
162 1844 369 1892 veneranda
385 1844 474 1891 mihi
491 1846 682 1892 Musarum
703 1845 800 1892 sacra
814 1879 827 1898 ‚
846 1863 912 1909 per
933 1861 1065 1893 omnes

140 1921 226 1965 Juro
244 1921 372 1971 Deos,
393 1917 431 1964 ἃ
453 1936 532 1965 non
550 1917 740 1966 officiosus
755 1935 854 1965 amo.

1241 168 1337 224 ¹09

1291 1642 1350 1679 10.
