1716 2927
283 133 968 186 EPIGRAMMATUM
1000 143 1048 190 L.
1087 144 1141 191 V.

440 323 604 371 XLIX.
638 327 719 371 Ad
733 326 974 374 Labienum.

89 439 348 531 VIDISSEM
366 484 483 530 modo
505 483 605 530 forte
623 500 704 530 cum
721 482 908 531 sedentem

84 556 214 602 Solum
235 573 271 603 te
284 592 296 611 ‚
316 556 499 604 Labiene:
520 572 590 603 tres
608 555 746 619 putavi.

82 632 213 678 Calvae
235 651 294 678 me
314 651 485 678 numerus
502 647 574 678 tuae
591 630 739 677 fefellit.

82 706 176 750 Sunt
193 704 297 750 illinc
315 705 381 752 tibi
393 740 406 758 .,
426 706 509 751 sunt
529 703 570 751 &
588 703 672 750 hinc
690 702 814 768 capilli
825 717 841 760 ‚‘
868 707 870 710 ’

80 777 225 836 Quales
246 795 314 823 nec
331 794 488 841 puerum
509 776 644 822 decere
663 775 809 839 poffint.

82 850 231 897 Nudum
251 850 353 897 estin
371 849 497 898 medio
517 865 628 914 caput
641 885 653 904 ‚
673 867 742 896 nec
760 848 855 895 ullus
925 868 931 879 i

80 927 122 970 In
140 924 253 989 longa
270 924 366 988 pilus
383 943 465 971 area
483 938 642 971 notatur.

82 994 154 1040 Hic
171 1012 278 1042 error
293 995 359 1042 tibi
379 995 524 1060 profuit
539 993 742 1042 Decembri
755 1005 770 1049 ,’

80 1068 189 1114 Tunc
204 1103 216 1123 ‚
234 1086 316 1115 cum
335 1068 484 1133 prandia
500 1068 596 1115 mifit
614 1072 838 1133 lmperat0r3

81 1142 179 1187 Cum
199 1141 399 1205 panariolis
416 1142 537 1188 tribus
548 1140 686 1188 redisti.

79 1214 209 1260 Talem
227 1217 448 1279 Geryonem
462 1215 567 1262 fuiffe
585 1215 716 1262 credo.

80 1289 186 1335 Vites
200 1325 211 1343 ‚
231 1290 368 1336 censeo
383 1325 395 1343 ‚
414 1288 600 1352 porticum
617 1287 806 1351 Philippi,

82 1364 119 1410 Si
139 1381 175 1411 te
193 1363 327 1410 viderit
344 1364 523 1411 Hercules
537 1398 549 1417 ‚
569 1362 706 1427 peristi.

477 1538 528 1585 L.
562 1540 616 1584 In
638 1538 933 1598 Charopitzum.

81 1653 259 1743 Cen-0
279 1692 382 1740 domi
401 1692 549 1758 quoties
563 1728 576 1747 ‚
598 1692 662 1740 nisi
684 1708 719 1740 te
735 1728 747 1746 ,
765 1689 985 1757 Charopine
999 1725 1012 1747 ,
1028 1690 1187 1746 vocavi;

143 1768 317 1814 Protinus
335 1768 505 1831 ingentes
523 1767 604 1813 sunt
621 1766 822 1814 inimicitiae
837 1787 849 1819 3

79 1842 225 1903 Meque
245 1840 339 1903 petis
357 1840 479 1886 {hmo
497 1839 659 1886 medium
679 1839 892 1904 transfigere
911 1838 1038 1895 ferrog

148 1913 187 1960 Si
207 1913 368 1961 nostrum
386 1910 463 1959 fine
480 1928 516 1959 te
534 1912 602 1959 scis
617 1912 762 1959 caluiffe
778 1912 918 1959 focum.

80 1988 162 2034 Nec
182 1986 295 2033 semel
313 2005 407 2051 ergo
428 1986 514 2033 mihi
532 1985 668 2033 furtum
690 1985 814 2033 fecisse
832 1984 986 2033 licebit?

147 2060 356 2125 Improbius
374 2061 464 2107 nihil
483 2061 533 2107 est
549 2061 613 2107 hac
626 2097 638 2115 ‚
655 2059 872 2125 Charopine
884 2095 896 2112 ‚
913 2059 1014 2124 gula.v

82 2133 217 2181 Deline
234 2134 304 2196 jam
325 2134 505 2188 nostram,
525 2151 686 2197 precor,
704 2132 903 2181 observare
922 2130 1080 2178 culinam
1093 2165 1107 2185 ‚

149 2210 273 2272 Atque
289 2206 487 2271 aliquando
506 2225 608 2255 meus
625 2207 688 2254 det
704 2205 771 2253 tibi
787 2205 897 2256 verba
914 2222 1070 2270 coquus.

1278 148 1368 204 19¹⁷

1316 1157 1370 1190 10

1332 2000 1363 2049 >ns
