1716 2927
327 131 818 185 ‘EPIGRAMMA
836 140 1003 188 TUM
1040 145 1085 191 L.
1120 146 1214 193 XI.

552 336 627 384 Vl.
661 340 744 384 Ad
760 340 961 386 Romam.

135 472 348 561 UNchs
365 512 521 563 falciferi
538 516 632 565 senis
652 518 782 566 diebus
794 555 810 575 ‚

130 586 322 648 Regnator
340 587 469 650 quibus
489 589 646 654 imperat
666 591 846 649 fritillus3

130 657 249 703 Versu
267 659 395 706 ludere
413 679 487 707 non
507 662 702 710 laborioso

130 730 312 778 Permittis
327 767 338 785 ‚
358 749 450 797 puto
465 769 477 787 ,
494 734 626 798 pileata
644 740 774 783 Roma.

130 801 269 849 Rifisti:
290 803 378 851 licet
396 825 489 870 ergo
509 842 520 861 ‚
540 826 609 854 nec
631 826 806 855 vetamur.

129 876 315 923 Pallentes
333 880 465 941 procul
484 878 569 926 hinc
585 880 684 927 abite
705 900 822 928 curae:

128 950 327 1014 Quidquid
346 953 493 999 venerit
512 952 663 1000 obvium
675 988 687 1008 ,
707 954 929 1018 loquamur,

129 1027 288 1072 Morosa
307 1025 380 1073 fine
399 1026 642 1092 cogitatione.

127 1098 249 1146 Misce
266 1099 442 1148 dimidios
454 1136 467 1155 ‚
486 1119 580 1166 puer
594 1137 607 1156 ‚
623 1099 776 1148 trientes
793 1113 807 1156 ;

130 1175 273 1232 Quales
291 1176 519 1241 Pythagoras
536 1179 644 1225 dabat
666 1177 830 1225 Neroni:

127 1245 253 1293 Misce
265 1284 278 1302 ‚
296 1248 486 1313 Dindyme
500 1285 512 1302 ‚
532 1250 595 1296 sed
617 1249 908 1313 frequentiores:

128 1318 275 1365 Poffum
300 1319 351 1366 nil
370 1339 446 1384 ego
466 1321 626 1367 sobrius:
651 1321 795 1367 bibenti

128 1391 352 1438 Succurrent
368 1393 456 1439 mihi
476 1391 688 1456 quindecim
705 1407 844 1456 poetae.

128 1465 187 1509 Da
211 1483 307 1511 nunc
325 1465 443 1519 bafia,
464 1466 526 1513 sed
546 1466 774 1512 Catulliana:

127 1537 228 1594 Quae
245 1535 269 1582 fi
290 1552 347 1584 tot
363 1536 499 1584 fuerint
511 1573 523 1592 ‚
543 1552 636 1601 quot
653 1535 718 1583 ille
736 1535 857 1592 dixin*

127 1611 293 1658 Donabo
311 1611 374 1659 tibi
392 1613 570 1677 pafferem
591 1609 747 1661 Catulli.

517 1810 614 1856 VII.
647 1812 730 1855 Ad
751 1812 966 1855 Paullam.

136 1955 251 2044 JAM
267 2005 367 2037 certe
384 1989 529 2055 stupido
550 2009 629 2038 non
649 1989 750 2038 dices
764 2000 778 2046 ζ
795 1990 920 2037 Paulla
936 2024 948 2042 ,
964 1988 1128 2044 marito}

193 2066 251 2111 Ad
268 2064 452 2111 moechum
471 2065 620 2127 quoties
637 2064 790 2128 longius
810 2065 864 2112 ire
880 2064 988 2111 voles
1003 2099 1017 2119 ‚

129 2138 254 2184 Caesar
272 2138 308 2183 in
331 2138 508 2183 Albanum
526 2137 616 2197 juffit
633 2154 692 2183 me
710 2154 816 2183 mane
832 2135 988 2190 venire,

194 2210 318 2256 Caesar
334 2207 518 2269 Circeios.
536 2207 607 2268 jam
627 2207 773 2271 stropha
790 2205 872 2252 talis
890 2205 980 2253 abit.

130 2284 332 2346 Penelopae
351 2282 440 2327 licet
457 2281 529 2327 effe
547 2279 614 2326 tibi
635 2280 699 2326 sub
717 2280 887 2344 principe
906 2281 1051 2325 Nervat

193 2355 267 2402 Sed
280 2354 454 2420 prohibet
472 2351 610 2400 scabies
622 2387 636 2407 ‚
655 2351 925 2417 ingeniumque
940 2367 1065 2398 vetus.

1003 2431 1079 2485 13

1330 158 1423 210 ¹33

1351 1197 1411 1228 {20

1343 1548 1404 1596 ³5
