1767 2881
633 86 683 133 V
707 88 740 132 I
770 88 812 132 T
840 90 908 134 A&
1317 96 1419 163 ξῆι

133 194 354 244 Martialis
374 230 391 254 ‚
438 195 677 244 Gallorum
738 197 1030 264 Mystagogus
1084 199 1422 248 Lemovicenfis

133 277 383 337 Pontifex,
419 278 590 342 scriptis
625 280 819 343 primum
859 280 944 327 suis
988 282 1283 341 nobilitatus,
1316 282 1421 329 dein

134 360 271 407 etiam
305 359 518 425 sanguine
549 379 635 426 pro
669 363 835 411 Christi
864 365 1050 411 nomine
1083 364 1277 428 profuso
1314 382 1423 428 pur-

134 454 333 506 puratus.
367 444 519 491 Notus
545 445 607 492 est
628 447 679 493 &
697 446 772 492 ille
800 446 1021 494 Martialis
1053 448 1171 510 apud
1196 449 1423 495 Herodia-

135 541 247 572 num
280 525 356 574 lib.
385 529 492 586 IV,
527 528 748 578 Caracalli
795 529 1039 592 percussor.
1095 531 1170 577 De
1207 530 1424 578 Kalendis

136 608 311 662 Martiis
332 624 481 672 poetae
517 610 730 702 natalitiis
756 611 819 660 ita
848 611 928 661 lib.
957 614 1003 660 X
1034 613 1174 677 epigr.
1214 630 1276 676 24
1300 615 1421 661 Mar-

137 690 251 738 tialis
282 690 373 754 ipse
405 709 504 740 can
507 704 560 740 t:

201 832 378 876 Natales
409 833 512 878 mihi
542 835 711 880 Martiae
739 836 946 881 Kalendae

199 915 298 961 Lux
316 913 546 980 fbrmosior
577 918 768 963 omnibus
799 917 1028 965 Kalendis.

135 1041 189 1089 &
227 1039 304 1090 lib.
334 1041 494 1090 eodem
524 1043 662 1108 epigr.
698 1061 775 1109 92.

205 1177 386 1222 Martem
414 1194 597 1223 mearum
621 1179 853 1238 principem
880 1178 1188 1223 Kalendarum.

204 1303 395 1365 Coquus
426 1305 549 1350 audit
582 1305 701 1366 apud
733 1304 1036 1366 Lampridium
1074 1303 1123 1349 in
1166 1302 1426 1350 Alexandro

141 1385 314 1431 Severo
334 1403 345 1431 :
366 1401 413 1431 ut
431 1387 653 1431 Martialis
675 1388 772 1431 Coci
782 1420 799 1441 ,
818 1384 967 1447 inquit
984 1419 999 1440 ‚
1024 1385 1428 1450 epigrammasz'gni·

130 1469 240 1529 ficat
259 1495 290 1525 ‚>
310 1470 422 1529 quod
454 1483 596 1514 contra
627 1470 841 1529 quandam
874 1469 1056 1514 Gelliam
1075 1468 1246 1534 scripsit
1277 1467 1430 1529 hujus-

145 1553 259 1597 modi
279 1567 297 1596 .·

215 1685 317 1729 Cum
352 1686 524 1744 leporem
559 1682 711 1734 mittis«

149 1814 366 1876 Coquum
399 1802 505 1859 item
536 1812 730 1876 appellat
766 1812 960 1859 Ioannes
989 1810 1319 1859 Sarisberienfis
1352 1813 1434 1863 lib.

148 1898 252 1942 VIII
273 1896 503 1959 Polycrat.
535 1913 631 1957 cap.
665 1897 692 1941 6
723 1896 772 1942 δέ
809 1911 859 1955 13
882 1930 897 1953 ‚
925 1897 975 1942 &
996 1894 1073 1947 lib,
1100 1896 1183 1940 Vn
1202 1933 1215 1952 ,
1237 1913 1332 1958 cap.
1363 1913 1434 1945 12.

150 1978 307 2024 audior
356 1977 666 2041 Sophologii‚
698 1989 861 2040 praeter
909 1977 1022 2024 alios
1072 1977 1321 2040 quosdam,
1358 1977 1436 2040 qui

150 2060 293 2107 vitam
330 2059 545 2107 Martialis
579 2058 951 2121 conscripserunt.
992 2060 1138 2120 Quod
1174 2077 1344 2106 nomen
1380 2076 1437 2106 an

153 2142 424 2207 gentilitium
446 2142 526 2200 fit,
549 2159 605 2188 an
633 2142 920 2205 posthumum
949 2144 999 2190 &
1019 2141 1256 2188 hominum
1289 2141 1438 2189 studio

153 2224 375 2283 inditum,
406 2241 503 2271 non
536 2224 746 2273 decerno.
782 2226 894 2271 Sunt
922 2224 1001 2287 qui
1032 2223 1237 2271 censeant
1264 2241 1290 2270 a
1323 2240 1437 2270 con-

154 2306 320 2366 viviis,
344 2323 445 2372 quae
472 2307 728 2373 frequentet
760 2306 982 2364 celebrat,
1002 2307 1163 2353 Xeniis
1181 2341 1195 2365 ‚
1216 2305 1440 2372 Apophoz·

1017 2395 1042 2424 a
1067 2396 1099 2438 4
