1716 2927
265 167 923 214 EPIGRAMMATUM
955 170 1005 216 L·
1040 172 1125 218 JV.

410 363 656 411 xxxvii.
698 367 779 424 Ad
797 364 973 424 Afrum.

69 481 302 570 CENTUM
323 524 492 569 Coranus
507 559 519 576 ‚
540 523 580 570 &
599 524 760 570 ducenta
778 525 1004 584 Mancinus3

65 597 252 642 Trecenta
267 596 381 642 debet
401 597 520 642 Titius
533 631 544 648 ,
567 595 642 641 hoc
659 596 714 642 bis
739 597 891 644 Albinus
905 634 918 652 ,

66 668 203 714 Decies
225 668 377 714 Sabinus
391 703 404 720 ‚
422 669 654 732 alterumque
674 672 846 715 Serranus
858 691 871 723 ·‚

65 743 122 787 Ex
139 741 264 788 insulis
285 741 480 805 fundisque
501 741 624 788 tricies
644 742 811 796 soldum,

65 815 121 858 Ex
141 831 281 876 pecore
299 814 460 859 redeunt
481 830 537 859 ter
555 815 698 860 ducena
722 812 922 861 Parmensi:

63 885 175 932 Totis
193 886 322 932 diebus
336 921 347 936 ,
370 886 461 932 Afer
475 922 488 939 ‚
509 887 583 933 hoc
601 886 688 933 mihi
715 906 858 934 narras:

65 962 112 1005 Et
130 975 242 1006 teneo
262 959 393 1006 melius
411 959 472 1006 ista
488 995 499 1012 ‚
518 977 624 1022 quam
646 979 767 1006 meum
788 977 940 1007 nomen.

66 1033 251 1078 Numeres
270 1047 426 1095 oportet
443 1032 584 1096 aliquid
598 1067 611 1086 ,
632 1049 672 1079 ut
690 1032 765 1097 pati
784 1034 938 1096 possim:

65 1105 335 1166 Quotidianam
355 1107 468 1154 refice
490 1109 656 1155 nauseam
676 1107 844 1154 nummis.

67 1177 208 1225 Audire
227 1179 337 1243 gratis
351 1216 364 1235 ‚
384 1181 499 1235 Afer,
518 1181 581 1227 ista
604 1200 679 1228 non
700 1180 857 1245 poffum.

402 1370 664 1417 XXXVIII.
702 1374 784 1417 Ad
811 1373 1002 1419 Gallam.

69 1496 267 1583 GALLA
280 1569 292 1586 ‚
310 1551 424 1598 nega:
442 1531 588 1578 satiatur
606 1549 711 1578 amor
723 1568 736 1586 ,
755 1531 816 1578 nifi
837 1532 969 1597 gaudia
993 1548 1195 1597 torquent:

131 1607 203 1652 Sed
224 1605 304 1653 noli
320 1606 495 1660 nimium,
515 1605 647 1660 Galla,
669 1623 806 1670 negare
826 1606 903 1652 diu.

381 1801 605 1849 XXXIX.
639 1805 686 1848 A
689 1805 720 1847 d
735 1803 978 1857 Charinum.

75 1925 333 2012 ARGtxss'Tl
355 1979 469 2025 genus
488 1979 603 2008 omne
622 1962 840 2025 comparasti
854 1997 866 2016 ‚

70 2037 116 2080 Et
131 2035 229 2081 solus
249 2050 396 2079 veteres
417 2034 595 2096 Myronis
613 2053 706 2080 artes
722 2069 735 2088 ‚

70 2107 182 2153 Solus
203 2107 392 2154 Praxitelis
410 2126 537 2154 manus
552 2143 564 2160 ,
582 2111 793 2172 Scopaeque
806 2142 819 2161 ,

69 2184 180 2230 Solus
199 2182 362 2230 Phidiaci
383 2199 550 2230 toreuma
572 2182 652 2229 caeli
666 2217 680 2235 ‚

70 2258 181 2304 Solus
204 2258 425 2302 Mentoreos
445 2257 554 2303 habes
573 2257 738 2302 labores.

71 2333 154 2376 Nec
174 2331 303 2377 desunt
323 2330 387 2376 tibi
410 2349 497 2376 vera
521 2330 715 2376 Grantiana
730 2365 743 2384 ,

74 2404 157 2450 Nec
175 2422 257 2467 quae
276 2404 443 2451 Callaico
462 2403 627 2451 linuntur
643 2420 735 2450 auro
748 2436 762 2458 ‚
991 2427 995 2429 ’

955 2469 988 2511 Κ
1024 2483 1045 2511 2

1273 183 1361 237 147

1307 1199 1364 1230 10·
