1716 2927
352 160 482 195 202,
608 151 675 194 M.
715 151 1371 203 VAL.MARTIAL15

345 256 458 299 Parva
478 251 527 298 est
547 254 694 300 coenula
709 289 722 308 ,
743 253 856 319 (quis
877 257 996 320 potest
1016 274 1151 321 negare
1167 263 1210 318 ?)

343 326 417 371 Sed
439 325 556 389 finges
575 325 666 372 nihil
681 361 694 380 ‚
710 328 878 376 audiesve
898 329 1018 375 fissum
1033 364 1045 382 ,

342 400 392 443 Et
409 399 511 444 vultu
531 399 693 461 placidus
713 416 779 446 tuo
798 402 1014 455 recumbes·,

342 472 427 516 Nec
445 471 594 517 craffum
615 472 783 518 dominus
803 473 903 537 leget
921 474 1121 521 volumen:

343 545 426 590 Nec
442 544 489 590 de
509 545 675 591 Gadibus
695 545 873 609 improbis
892 548 1028 610 puellae

340 617 550 665 Vibrabunt
569 618 645 665 fine
662 619 736 666 fine
754 621 960 684 prurientes

341 690 513 738 Lascivos
535 691 651 736 docili
671 707 834 739 tremore
852 693 999 742 lumbos
1019 716 1028 740 z

343 767 418 812 Sed
434 803 446 820 ,
466 767 568 828 quod
591 784 668 812 non
691 783 801 824 grave
821 767 886 820 fit,
908 787 976 816 nec
997 770 1185 818 inficetum
1201 806 1212 825 ‚

292 838 293 841 ¹
344 840 451 885 Parvi
472 839 561 885 tibia
580 839 732 902 condyli
753 839 913 886 sonabit.

343 914 435 958 Haec
455 912 504 958 est
526 912 685 958 coenula.
721 912 915 959 Claudiam
936 913 1121 976 sequeris:

340 987 469 1049 =Quam
487 985 596 1032 nobis
615 986 718 1050 cupis
728 986 808 1053 xeffe
828 1002 865 1033 te
883 986 1062 1051 priorem.

731 1159 943 1206 LXXIX.
975 1163 1028 1205 In
1046 1163 1233 1207 Zoilum.
1301 1192 1304 1194 -

351 1259 618 1348 UNDECIES
636 1316 709 1344 una
731 1296 885 1343 surrexti
904 1331 915 1350 ‚
932 1296 1043 1342 Zo‘sse
1062 1331 1074 1350 ‚
1094 1313 1201 1342 coena
1218 1316 1230 1350 3
1249 1302 1253 1309 ⁴

413 1376 457 1418 Et
477 1390 609 1419 mutata
627 1372 692 1418 tibi
715 1374 763 1419 est
781 1371 957 1435 synthesis
975 1371 1172 1417 undecies:

348 1449 471 1494 Sudor
488 1448 684 1494 inhaereret
704 1447 847 1493 madida
867 1466 912 1493 ne
930 1446 1028 1492 veste
1046 1461 1210 1492 retentus
1224 1479 1236 1498 ‚

415 1523 461 1565 Et
479 1520 597 1566 laxam
618 1520 739 1565 tenuis
759 1520 911 1566 laederet
930 1537 1014 1564 aura
1031 1533 1166 1564 cutem.

349 1597 477 1655 Quare
498 1611 572 1656 ego
593 1612 670 1639 uon
688 1593 779 1640 sudo
796 1628 808 1647 ‚
825 1593 888 1655 qui
907 1609 1026 1638 tecum
1040 1628 1053 1647 ‚
1072 1592 1184 1637 Zo'i‘le
1198 1625 1210 1644 ‚
1227 1597 1372 1655 poeno?

412 1665 541 1728 Frigus
565 1665 664 1712 enim
681 1683 854 1728 magnum
873 1664 1050 1728 synthesis
1067 1683 1138 1710 uua
1155 1663 1255 1710 facit.

713 1849 907 1897 LXXX.
940 1853 1240 1897 Adseverumr
1300 1882 1302 1884 -

288 2014 292 2018 ⁴
349 1953 498 2041 NON
515 2006 630 2039 totam
649 1993 736 2039 mihi
751 2028 764 2047 ‚
784 1992 809 2038 fi
827 1991 974 2039 vacabis
986 2027 999 2046 ‚
1017 1992 1146 2040 horam
1162 2029 1175 2047 ‚

346 2069 480 2112 Dones
496 2101 507 2119 ‚
527 2066 568 2114 δι
590 2067 678 2114 licet
696 2068 852 2132 imputes
868 2105 881 2122 ‚
897 2070 1035 2114 Severe
1046 2101 1060 2120 ‚

346 2143 448 2186 Dum
470 2139 608 2186 nostras
628 2139 722 2202 legis
735 2176 747 2194 ‚
765 2139 958 2205 exigisque
976 2153 1104 2203 nugas.'

273 2213 277 2221 “
348 2214 493 2258 Durum
512 2213 561 2268 est
577 2213 732 2276 perdere
751 2211 881 2258 serias:
901 2229 1098 2275 rogamus,

348 2284 523 2330 Ja&uram
544 2283 687 2348 patiaris
708 2284 799 2330 hanc
815 2320 827 2338 ‚
845 2283 1031 2346 ferasque.

350 2357 471 2421 Quod
490 2356 513 2403 fi
530 2356 666 2421 legeris
685 2357 760 2421 ipse
784 2374 865 2405 cum
882 2356 1022 2403 diserto

1571 494 1622 539 ²5

1580 862 1636 905 30
