1716 2927
363 150 426 211 3'4
620 151 689 198 M.
728 152 895 199 VAL.
929 150 1376 200 MARTIALIS
1440 160 1442 162 ’

351 258 446 303 Tam
466 274 584 304 macer
597 293 609 312 ,
629 273 668 305 ut
686 259 870 306 minimam
888 260 1009 325 posset
1028 260 1090 306 vix
1109 260 1205 307 ferre
1222 259 1431 307 lucernam:

421 332 604 378 Succurrit
619 332 754 380 misero
774 333 900 388 casus,
920 351 1110 398 opemque
1127 332 1222 379 tulit.

349 405 707 470 Quatuorinscripti
727 407 923 471 portabant
943 406 1017 454 vile
1037 407 1221 464 cadaver,

406 477 564 542 Accipit
585 478 712 525 infelix
731 480 850 543 qualia
866 479 970 526 mille
990 498 1120 544 rogus.

348 553 430 598 Hos
449 572 575 600 comes
597 553 773 600 invalidus
792 554 959 602 submiffa
977 573 1074 603 voce
1094 550 1265 620 precatur
1278 589 1292 609 ,

414 629 467 673 Ut
485 645 709 690 quocunque
729 628 871 682 velint,
890 647 1025 693 corpus
1043 627 1154 674 inane
1177 629 1308 675 ferant.

348 701 573 744 Permutatur
593 714 686 742 onus
700 732 712 750 ‚
731 697 933 762 stipataque
956 698 1108 746 tollitur
1129 699 1201 746 alte

413 769 571 816 Grandis
588 769 625 815 in
642 771 784 835 angusta
805 771 943 818 sarcina
963 770 1165 836 sandapila.

348 843 418 890 Hic
438 844 527 890 mihi
547 845 593 891 de
610 846 730 892 multis
748 864 840 892 unus
854 881 872 900 ‚A
885 849 1031 892 Lucane
1047 881 1059 900 ,
1077 845 1243 892 videtur:

406 916 481 964 Cui
502 917 635 964 merito
653 917 725 965 dici
742 953 753 973 ‚
770 928 918 965 mortue
937 919 1046 965 Galle
1059 954 1072 971 ‚
1091 918 1226 982 potest.

692 1118 904 1164 LXXVI.
939 1121 993 1165 In
1015 1119 1246 1164 Gallicurm

341 1242 435 1331 D
441 1296 484 1326 1c
502 1296 627 1325 verum
647 1278 735 1325 mihi
750 1315 762 1334 ‚
779 1283 908 1327 Marce
923 1315 934 1333 ‚
952 1279 1012 1325 dic
1031 1279 1186 1326 amabot

339 1355 407 1401 Nil
424 1355 497 1407 est,
516 1354 620 1417 quod
637 1354 751 1418 magis
769 1355 914 1401 audiam
932 1353 1114 1401 libenter:

339 1427 401 1473 sic
422 1427 461 1474 8(
482 1445 564 1472 cum
584 1426 712 1473 recitas
731 1441 816 1473 tuos
836 1427 1012 1480 libellos,

336 1503 383 1547 Et
401 1499 541 1546 causam
561 1498 708 1561 quoties
728 1499 806 1564 agis
831 1499 976 1546 clientis
989 1535 1002 1554 ,

336 1576 433 1619 Oras
446 1608 457 1627 ‚
477 1571 647 1626 Gallice,
665 1590 725 1617 me
745 1573 928 1637 rogasque
949 1571 1109 1635 semper.

334 1648 478 1691 Durum
495 1642 546 1690 est
564 1660 623 1688 me
642 1644 733 1697 tibi,
754 1645 857 1706 quod
877 1643 971 1707 petis
988 1678 1001 1696 .,
1018 1661 1166 1706 negare„

333 1721 438 1764 Vero
457 1717 576 1764 verius
593 1733 686 1780 ergo
707 1715 795 1778 quid
814 1715 855 1761 fit
867 1750 878 1769 ‚
895 1713 1002 1761 audi:

267 1849 271 1852 .
332 1793 472 1836 Verum
487 1825 500 1844 ,
520 1789 666 1836 Gallice
680 1823 693 1843 ‚
708 1806 787 1835 non
804 1788 963 1834 libenter
981 1786 1096 1833 audis.

582 1984 809 2030 LXXVII.
845 1984 892 2027 A
895 1984 926 2028 d
939 1983 1128 2027 Liberum
1146 1983 1341 2027 amicum.

325 2112 499 2201 me
514 2186 526 2205 ‚
543 2149 747 2196 amicorum
765 2147 961 2195 dulciffima
981 2165 1065 2193 cura
1082 2162 1229 2194 tuorum
1245 2182 1258 2199 ‚

387 2224 496 2270 Liber
510 2259 523 2277 ‚
540 2223 577 2269 in
595 2239 731 2270 aeterna
749 2223 875 2269 vivere
895 2222 1008 2286 digne-
1026 2221 1127 2268 rosa:

322 2296 359 2342 Si
377 2296 470 2360 sapis
483 2333 494 2351 ‚
516 2295 664 2359 Assyrio
683 2295 825 2358 semper
844 2293 909 2340 tibi
927 2293 1037 2340 crinis
1052 2310 1205 2339 amomo

386 2370 612 2433 Splendeat,
629 2367 669 2416 &
688 2367 832 2432 cingant
849 2366 966 2415 florea
985 2366 1076 2414 serta
1094 2380 1218 2429 caput.
