1716 2927
262 132 953 193 'EPIGRAMMATUM
980 149 1034 195 z.
1071 146 1165 198 ιΧ.

67 250 121 300 'At
139 267 177 300 te
194 252 359 317 protexit
376 255 562 318 Superum
584 270 709 317 pater,
728 252 767 299 δι
788 251 854 299 tibi
870 287 881 306 ‚
900 254 1044 308 Caesar,

133 331 209 375 Pro
227 327 353 391 jaculo
372 326 415 374 &
438 346 561 392 parma
575 364 588 384 ‚
606 327 749 375 fulmen
770 326 811 374 δε
828 326 918 392 aegis
935 342 1024 376 erat.

466 500 612 550 XXII.
646 505 728 549 Ad
743 502 934 550 Audum.

68 617 450 708 ARTEMmosz
469 655 581 704 habet
600 673 778 721 puerum:
797 656 859 704 sed
875 656 1045 705 vendidit
1064 675 1214 724 agrum:

138 732 278 794 Agrum
300 748 370 793 pro
388 747 507 793 puero
528 729 771 777 Calliodorus
791 729 910 777 habet.

68 803 168 856 Dic,
185 820 267 851 uter
285 823 331 851 ex
351 804 421 850 istis
440 805 569 851 melius
588 823 665 851 rem
686 804 856 868 gesserit,
878 805 1021 853 Auue÷

137 874 394 924 Artemidorus
411 891 530 932 amat,
548 875 789 923 Calliodorus
807 892 895 923 arat.-

438 1052 603 1098 XXIII.
638 1054 687 1098 A
689 1055 722 1097 d
737 1053 954 1119 pastorem.

75 1159 280 1247 Cnems
300 1198 351 1245 ob
369 1199 444 1246 hoc
459 1217 519 1245 me
534 1232 546 1253 ,
565 1198 686 1263 pastor
701 1236 713 1252 ,
733 1216 825 1262 opes
843 1198 990 1246 fortasse
1011 1208 1172 1263 rogare,'

140 1273 298 1333 Propter
313 1272 415 1332 quod
432 1272 563 1335 vulgus
578 1306 591 1324 ‚
609 1271 793 1333 crassaque
816 1271 918 1317 turba
935 1285 1068 1335 rogatz

74 1345 126 1388 Ut
143 1342 263 1388 Setina
283 1361 387 1389 meos
407 1344 599 1389 consumat
620 1344 729 1406 gleba
750 1343 928 1405 ligones,

142 1419 186 1462 Et
202 1417 306 1462 sonet
322 1417 512 1462 innumera
532 1416 716 1478 compede
733 1415 873 1461 Tuscus
891 1432 1002 1479 ager:

75 1490 127 1534 Ut
143 1488 265 1534 Mauri
282 1489 427 1552 Libycis
443 1505 591 1535 centum
609 1488 701 1534 stent
718 1486 891 1534 dentibus
909 1488 1019 1534 orbes
1035 1522 1047 1543 ,

139 1564 186 1607 Et
201 1578 326 1625 crepet
343 1561 381 1607 in
403 1561 532 1607 nostris
550 1579 658 1606 aurea
676 1561 795 1606 Iamna
813 1559 927 1606 toris:

75 1635 158 1680 Nec
175 1634 282 1679 labris
301 1633 365 1679 nifi
385 1651 514 1697 magna
533 1631 623 1678 meis
643 1631 807 1695 crystalla
824 1647 1013 1687 terantur,

142 1711 187 1754 Et
206 1707 339 1754 faciant
360 1707 481 1772 nigras
501 1707 620 1753 nostra
636 1707 787 1753 Falerna
808 1706 936 1753 nives:

75 1784 129 1827 Ut
148 1779 386 1826 Canufinatus
407 1781 534 1827 nostro
559 1783 669 1844 Syrus
686 1779 798 1825 affere
815 1780 939 1834 sudet,

141 1857 187 1899 Et
206 1871 287 1899 mea
303 1853 345 1898 fit
360 1853 462 1898 culto
483 1853 571 1899 sella
588 1852 724 1898 cliente
741 1853 935 1914 frequens:

74 1929 217 1977 'ffistuet
232 1942 271 1972 ut
289 1927 414 1972 nostro
431 1925 596 1971 madidus
614 1924 776 1971 conviva
792 1924 954 1970 ministro
967 1958 981 1978 ‚

145 1996 268 2060 Queffl
285 2013 524 2063 permutatum
545 2016 613 2044 nec
634 1997 855 2060 Ganymede
869 1995 1002 2043 velim:

79 2076 132 2120 Ut
150 2072 332 2117 lutulenta
352 2071 444 2117 linat
461 2069 592 2134 Tyrias
612 2069 699 2116 mihi
715 2070 811 2115 mula
828 2070 989 2115 lacernas
1000 2102 1014 2123 ‚

146 2148 192 2190 Et
212 2145 431 2208 Maffyleum
451 2144 551 2208 virga
567 2144 747 2208 gubernet
766 2160 914 2205 equum.

82 2218 142 2266 Est
164 2218 254 2283 nihil
273 2236 319 2264 ex
338 2217 431 2264 istis:
449 2218 603 2281 superos
615 2253 628 2271 ‚
647 2235 689 2262 ac
707 2215 821 2262 fidera
835 2216 958 2262 testor.

147 2293 250 2355 Ergo
272 2289 389 2354 quid?
406 2308 445 2338 ut
461 2290 601 2338 donem
615 2325 628 2352 ‚
645 2288 767 2353 pastor
780 2323 793 2344 ‚
808 2288 849 2337 &
865 2288 1062 2336 aedificem}

1290 155 1355 211 '47

1297 346 1355 378 10

1300 1873 1360 1905 1ss

1301 2232 1356 2281 ¹5)
