1716 2927
339 113 398 147 ω
607 101 673 145 M.
714 101 871 145 VAL.
905 100 1262 144 MARTJAL
1278 97 1347 143 15
1372 80 1391 91 “

338 211 525 253 Innocuos
542 204 695 250 vcensura
715 205 835 267 potest
853 203 1063 268 permittere
1082 204 1201 250 lusus:

403 278 545 326 Lasciva
562 279 612 324 est
628 278 736 325 nobis
754 277 885 342 pagina
899 314 911 332 ‚
931 279 1001 324 vita
1019 277 1136 341 proba
1154 277 1217 322 est.

753 471 828 517 Vl.
856 473 935 516 Ad
964 472 1173 516 Marcum.

339 580 466 667 Do
485 615 549 663 tibi
567 617 811 664 naumachiam
827 653 838 670 .,
859 633 896 662 tu
915 617 976 662 das
996 617 1264 681 Epigrammata
1280 618 1402 665 nobis

406 689 471 735 Vis
489 705 582 753 puto
601 707 681 735 cum
703 689 800 736 libro
815 724 827 744 ,
844 691 974 735 Marce
989 724 1001 742 ‚
1020 704 1140 735 natare
1159 704 1238 736 tuo.

691 861 786 907 VH.
825 862 897 906 De
921 863 1032 905 leone
1059 861 1252 921 *Caesaris*-

344 972 647 1062 AE‘rm-:Rms
665 1009 784 1073 aquila
803 1027 955 1072 puerum
976 1024 1149 1071 portante
1166 1027 1233 1072 per
1250 1027 1367 1064 auras,

410 1084 565 1130 lllaesum
584 1083 718 1130 timidis
734 1084 917 1145 unguibus
937 1084 1035 1129 haefit
1059 1102 1174 1130 onus:

342 1152 457 1202 Nunc
477 1156 536 1201 sua
552 1156 742 1202 Caesareos
760 1171 891 1203 exorat
911 1157 1033 1219 praeda
1050 1157 1182 1203 leones
1196 1192 1207 1210 ‚

413 1230 528 1273 Tutus
549 1227 587 1272 ἃ
606 1227 745 1289 ingenti
768 1228 862 1273 ludit
882 1228 917 1274 in
941 1247 1007 1274 ore
1025 1229 1143 1292 lepus.

346 1305 447 1362 Qum
465 1301 604 1361 majora
622 1317 725 1363 putas
745 1300 942 1347 miracula?
966 1302 1121 1347 summus
1137 1302 1300 1364 utrisque

415 1371 557 1418 Auitm
572 1370 689 1416 adest:
711 1370 791 1417 haec
809 1371 889 1417 sunt
911 1371 1061 1418 Caesaris
1077 1406 1089 1425 ‚
1109 1372 1170 1418 illa
1190 1371 1304 1418 iovis.

500 1543 616 1590 VIII.
654 1543 734 1589 Ad
750 1545 997 1590 Maximum
1015 1578 1030 1602 ,
1054 1547 1102 1590 de
1122 1547 1309 1590 columba
1327 1548 1475 1593 Stellae,

354 1655 554 1742 ὅτευ-Ε
571 1693 744 1740 delicium
762 1694 832 1740 mei
850 1694 1022 1741 columba
1037 1730 1049 1749 ‚

358 1770 512 1814 Verona
530 1767 619 1812 licet
640 1766 809 1813 audiente
827 1767 962 1821 dicam,

312 1850 314 1852 ’
359 1839 482 1893 Vicit,
504 1839 668 1886 Maxime
684 1875 696 1893 ‚
715 1840 889 1903 passerem
909 1839 1059 1886 Catulli.

360 1915 484 1958 Tanto
501 1913 614 1959 Stella
630 1931 730 1959 meus
748 1929 812 1959 tuo
833 1913 984 1959 Catullo
1000 1947 1013 1966 ‚

363 1987 520 2048 ¹Quanto
539 1982 676 2049 passere
693 1985 811 2049 major
832 1985 881 2032 est
900 1983 1081 2032 columba.
