1716 2927
1271 104 1354 159 ¹75

191 305 273 367 M.
343 306 570 366 VAL.
638 304 1262 365 MARTIALIS

73 498 1357 626 EPIGRAMMATUM

414 729 757 786 LIBER
821 729 974 786 XII.

213 1108 280 1153 M.
313 1110 414 1154 Val.
445 1108 667 1153 Martialis
695 1108 840 1168 Prisco
857 1109 942 1168 suo
960 1107 1157 1168 salutemet

66 1221 272 1338 Selo
305 1302 377 1332 me
413 1286 719 1349 patrocinium
754 1287 914 1333 debere
952 1285 1348 1333 contumaciffimae

68 1358 251 1404 triennii
283 1358 457 1404 defidiae
484 1376 495 1404 ε
530 1376 632 1421 quae
665 1357 936 1404 absolvenda
969 1375 1063 1404 non
1098 1358 1201 1404 effet
1230 1359 1347 1406 inter

64 1429 162 1476 illas
194 1446 377 1492 quoque
400 1429 726 1492 occupationes
756 1430 932 1476 urbicas
948 1465 962 1487 ‚
985 1429 1149 1491 quibus
1172 1428 1349 1476 facilius

65 1501 412 1565 consequimur,
443 1514 493 1548 ut
516 1501 691 1549 molesti
718 1503 870 1565 potius
889 1520 1024 1566 quam
1044 1502 1238 1548 officiofi
1261 1503 1347 1550 effe

65 1574 301 1622 videamur
315 1592 326 1620 :
340 1574 502 1620 nedum
522 1574 568 1620 in
590 1575 673 1622 hac
694 1573 970 1637 provinciali
987 1574 1245 1633 solitudine,
1264 1575 1343 1621 ubi

65 1649 148 1696 nifi
173 1649 303 1696 etiam
322 1650 672 1713 intemperanter
696 1650 944 1708 studemus,
975 1652 1026 1697 &
1042 1650 1132 1696 fine
1152 1649 1342 1711 solatio,

65 1726 117 1773 &
138 1724 228 1771 fine
255 1718 541 1772 excusatione
561 1723 823 1771 seceffimus.
856 1722 1025 1785 Accipe
1057 1739 1169 1786 ergo
1195 1724 1340 1770 ratio-

61 1812 198 1852 nem3
225 1796 272 1842 in
298 1812 386 1858 qua
409 1796 500 1843 hoc
526 1795 773 1843 maximum
800 1797 851 1842 &
877 1795 1069 1857 primum
1089 1795 1150 1841 est
1169 1831 1184 1854 ‚
1215 1798 1363 1859 quod

62 1867 260 1914 civitatis
289 1883 414 1913 aures
429 1902 442 1923 ‚
473 1868 636 1930 quibus
667 1866 937 1917 assueveram
955 1903 969 1924 ,
989 1884 1148 1929 quaero
1165 1903 1178 1924 ‚
1201 1870 1251 1916 &
1266 1869 1340 1915 vi-

61 1941 175 1986 deor
195 1939 302 1985 mihi
322 1940 369 1986 in
397 1939 546 1985 alieno
575 1938 680 1986 foro
708 1934 894 2001 litigare.
931 1936 976 1984 Si
1007 1937 1115 2003 quid
1136 1939 1195 1986 est
1219 1941 1338 1988 enim

61 2012 113 2058 in
131 2011 290 2058 libellis
317 2011 452 2070 meis,
473 2012 598 2074 quod
623 2011 794 2073 placeat
810 2047 824 2069 ‚
842 2011 1023 2058 dictavit
1049 2012 1242 2059 auditor.
1279 2014 1338 2059 Il-

61 2083 147 2130 lam
179 2083 448 2144 judiciorum
475 2082 759 2129 subtilitatem
777 2118 791 2139 ‚
825 2083 937 2129 illud
961 2082 1243 2129 materiarum
1265 2085 1336 2129 in„

59 2154 240 2216 genium
254 2189 268 2211 ‚
285 2154 579 2201 bibliothecas
597 2189 612 2211 ,
638 2154 810 2199 theatra
829 2188 839 2202 ,
868 2165 1146 2212 conventus,
1167 2154 1213 2200 in
1232 2154 1333 2216 qui-³

60 2228 143 2274 bus
175 2227 346 2274 studere
365 2227 406 2274 se
427 2226 736 2288 voluptatibus
761 2243 854 2273 non
885 2226 1102 2273 sentiunt:
1137 2230 1191 2273 ad
1220 2228 1333 2272 sum-

62 2315 179 2346 mam
199 2300 400 2347 omnium
418 2317 487 2359 ea,
505 2317 604 2364 quae
625 2300 801 2349 delicati
820 2300 1097 2363 reliquimus,
1118 2299 1237 2361 quasi
1259 2301 1330 2355 de-
