1716 2927
279 159 960 209 'EPIGRAMMATUM
992 160 1040 203 L.
1077 158 1163 205 JV.

458 348 526 393 LI.
561 350 643 393 Ad
671 349 953 393 Caecilianum.

86 468 238 557 Cum
255 506 322 555 tibi
343 526 422 554 non
443 507 558 554 effent
574 508 636 554 sex
656 507 769 554 millia
783 543 794 559 ‚
815 505 1046 561 Caecilianeg

57 581 59 586 ⁴
151 579 300 643 Ingenti
321 579 394 625 late
414 579 538 626 vellus
559 597 597 624 es
615 579 850 641 hexaphoro.

83 653 277 715 Postquam
294 650 349 696 bis
369 650 491 696 decies
507 648 636 695 tribuit
655 651 733 695 Dea
750 667 871 703 caeca,
890 649 1082 713 finumqne

148 728 342 788 Ruperunt
359 722 516 768 nummi:
537 722 647 768 faffiis
664 741 702 768 es
716 759 728 777 ,
745 740 837 768 ecce
852 758 864 775 ‚
883 724 1011 786 pedes.

85 796 191 862 Quid
209 796 275 842 tibi
294 815 365 860 pro
383 795 546 850 meritis,
566 796 605 843 δι
623 795 733 842 tantis
754 797 920 843 laudibus
942 804 1098 861 optem?

148 875 197 917 Di
216 871 370 918 reddant
388 871 515 921 sellam
529 907 542 926 .,
563 870 765 918 Caeciliane
777 906 789 924 ‚
808 870 888 918 tibi.

490 1057 580 1102 LII.
612 1058 667 1101 In
688 1057 925 1117 Hedylum.

94 1172 333 1259 διες-[ΑΜ
359 1206 492 1271 junffis
511 1207 575 1254 nifi
593 1207 723 1254 definis
736 1243 748 1262 ‚
770 1187 917 1272 Hadyle
930 1243 941 1262 ,
959 1208 1096 1272 capris:

151 1281 231 1345 Qui
248 1277 365 1328 mado
386 1281 477 1329 ficus'
493 1284 597 1336 e‘ras,
612 1283 685 1344 jam
703 1281 895 1345 caprificus
915 1281 998 1328 eris.

490 1467 600 1512 LIII.
637 1467 685 1510 A
688 1469 720 1511 d
737 1467 942 1526 Cosmum.

87 1580 303 1671 Hunc,
325 1634 434 1680 quem
456 1615 553 1680 saepe
571 1615 674 1663 vides
695 1615 791 1661 inter
809 1612 1011 1678 penetralia
1032 1614 1162 1659 nosstae

154 1691 322 1737 Pallados
339 1726 349 1743 ‚
371 1690 410 1737 Sc
431 1690 558 1753 templi
581 1689 706 1735 limina
722 1724 732 1743 ‚
754 1688 895 1734 Cosme
910 1723 922 1741 ‚
947 1686 1064 1739 novi,

88 1769 185 1813 Cum
204 1765 337 1811 baculo
354 1802 366 1820 ‚
385 1782 546 1828 peraque
565 1765 709 1810 senem:
730 1764 785 1809 cui
807 1781 894 1809 cana
907 1798 918 1816 ‚
935 1760 1124 1825 putrisque

156 1842 234 1884 Stat
254 1857 362 1885 coma
379 1875 390 1891 ‚
410 1837 449 1883 ὅ(
467 1837 502 1882 in
523 1838 646 1900 peC‘ms
667 1838 813 1884 sordida
834 1837 943 1883 barba
961 1834 1076 1882 cadit:

89 1913 210 1957 Cerea
231 1928 339 1972 quem
361 1910 446 1955 nudi
465 1909 556 1973 tegit
578 1927 672 1956 uxor
689 1910 813 1956 abolla
834 1908 999 1973 grabati,

155 1980 226 2027 Cui
243 1982 302 2028 dat
319 1982 467 2028 latratos
487 1982 597 2028 obvia
620 1983 722 2028 turba
741 1982 866 2028 cibos:

89 2056 172 2102 Effe
190 2073 292 2119 putas
311 2056 494 2119 Cynicum
507 2092 519 2110 ‚
540 2056 718 2120 deceptus
737 2054 898 2119 imagine
919 2055 1023 2103 falsa.‘

153 2132 244 2177 Non
261 2130 312 2178 est
329 2129 388 2177 hic
408 2129 572 2195 Cynicus
585 2166 598 2186 ‚
619 2131 778 2180 Cosme:
799 2130 886 2194 quid
907 2136 1029 2194 ergo?
1048 2130 1160 2179 canis.

1284 166 1367 218 153
