1716 2927
247 121 315 171 M.
345 93 485 170 VAL.
511 121 869 170 MARTIALIS
887 123 1097 173 EPIGR.
1122 127 1171 174 L.
1189 128 1280 175 JX.
1349 139 1411 189 3³>

130 257 301 306 ponere
330 240 377 288 in
407 238 769 288 bibliotheca-sua
796 238 962 289 voluit.
1000 241 1074 288 De
1101 259 1194 305 quo
1215 242 1409 291 scriben-

118 317 238 380 dum
274 316 357 362 tibi
397 313 586 380 putavi,
615 331 672 361 ne
703 310 966 379 ignorare&
999 315 1161 364 Avitus
1194 317 1272 365 iste
1305 318 1410 383 quis

129 400 388 439 vocaretur.
417 388 556 449 Vale,
575 390 625 437 &
654 405 759 452 para
782 388 1041 452 hospitium.

407 584 461 631 11.
494 585 568 631 De
597 588 747 645 templo
771 585 929 631 Flaviae
955 585 1108 647 gentis-0

122 726 287 813 Dum
305 766 410 810 lanus
426 761 566 808 hiemes
580 795 591 816 ‚
611 760 844 808 Domitianus
863 772 1087 815 autumnos-3

119 837 300 902 Augustus
317 835 421 883 annis
440 834 692 883 commodabit
710 834 867 881 aestates:

118 915 217 958 Dum
238 911 375 976 grande
392 910 517 957 famuli
537 928 672 956 nomen
690 909 816 955 afferet
833 906 954 954 Rheni

119 986 418 1033 Germanicarum
436 1004 566 1050 magna
580 985 643 1032 lux
660 984 904 1031 Kalendarum
918 1002 933 1027 ε

115 1061 274 1125 Tarpeja
290 1059 415 1107 summi
434 1059 514 1106 saxa
530 1060 615 1106 dum
632 1058 743 1124 patris
762 1058 927 1105 stabunt:

113 1137 212 1180 Dum
228 1152 323 1182 voce
342 1134 496 1198 supplex
508 1169 522 1189 ‚
540 1135 702 1197 dumque
717 1149 797 1179 ture
815 1129 972 1196 placabit

113 1209 287 1253 Matrona
302 1206 405 1252 dives
422 1207 532 1253 dulce
549 1206 652 1254 J'uliae
668 1224 828 1253 numen:

110 1279 283 1326 Manebit
297 1280 410 1326 altum
429 1280 562 1328 FIaviae
579 1282 692 1327 decus
711 1279 831 1344 gentis
843 1315 856 1333 ‚

111 1354 210 1398 Cum
227 1351 307 1399 sole
321 1387 333 1406 ‚
352 1351 391 1399 δε
409 1352 505 1399 astris
519 1387 530 1405 ‚
547 1370 705 1416 cumque
720 1353 803 1399 luce
821 1355 1000 1399 Romana.·

109 1425 245 1475 Invista
260 1425 442 1492 quidquid
458 1425 627 1474 condidit
642 1445 769 1474 manus
783 1461 796 1482 ‚
813 1426 958 1474 coelum
966 1424 1032 1473 est‚'

532 1632 603 1680 ΠΙ.
630 1634 685 1679 In
717 1634 897 1693 Lupum.

110 1766 322 1854 Pauper<
341 1805 509 1854 amicitiae
528 1826 609 1855 cum
625 1808 669 1856 fis
684 1843 696 1862 ‚
713 1812 818 1872 Lupe
831 1843 844 1862 ‚
864 1824 942 1854 non
959 1825 999 1855 es
1017 1807 1179 1864 amicaeg.

172 1882 218 1925 Et
233 1880 396 1943 queritur
414 1882 461 1927 d'e
477 1897 514 1928 te
530 1883 691 1929 mentula
708 1882 785 1929 sola
801 1880 906 1927 nihil.

106 1952 174 2000 Illa
191 1951 368 2016 siligineis
383 1953 592 2017 pinguescit
610 1954 771 2001 adultera
790 1951 919 1999 cunnis
931 1971 954 2006 ς,

171 2025 380 2073 Convivam
398 2027 513 2090 pascit
532 2027 635 2091 nigra
653 2026 769 2073 farina
786 2041 901 2072 tuum.

105 2098 301 2145 Incensura
317 2097 417 2145 nives
433 2098 595 2146 dominae
611 2099 733 2146 Setina
749 2099 933 2162 liquantur.
943 2116 966 2152 ;x

171 2171 254 2215 Nos
270 2170 426 2217 bibimus
444 2171 550 2218 Corfi
568 2173 667 2235 pulla
685 2190 827 2220 venena
843 2169 936 2217 cadi.

105 2244 211 2289 Emta
226 2241 291 2288 tibi
309 2261 384 2290 nox
403 2242 451 2289 est
468 2243 587 2289 fundis
606 2262 682 2291 non
702 2260 779 2291 tota
796 2244 954 2308 paternis
965 2263 990 2299 3>

170 2315 279 2362 Haud
295 2314 354 2364 sua
369 2316 534 2365 desertus
551 2336 632 2367 rura
651 2319 787 2368 sodalis
801 2334 889 2368 arat.

985 2392 1021 2437 C
1058 2408 1084 2446 4
