1716 2927
378 111 440 161 μ
646 99 714 148 M.
751 104 914 149 VAL.
947 103 1392 150 MARTJALJS

377 209 481 266 Quas
502 205 608 252 novit
623 225 740 259 unus,
759 207 970 270 scrinioque
989 207 1143 271 figmatas

377 279 551 324 Custodit
569 279 645 342 ipse
663 279 811 344 virginis
830 296 932 343 pater
950 281 1108 333 chartae3

376 354 476 411 Qua:
494 351 576 397 trita
593 352 687 398 duro
707 371 780 398 non
799 351 983 396 inhorruit
1004 367 1151 396 mento.

378 426 527 471 Mutare
548 426 738 472 dominum
760 445 835 471 non
856 424 974 489 potest
995 424 1088 470 liber
1104 438 1227 470 notus.

379 499 451 544 Sed
472 498 650 561 pumicata
671 500 796 545 fronte
813 498 837 543 fi
859 496 938 560 quis
957 497 1006 542 est
1027 497 1190 543 nondum
1207 531 1221 550 ‚

381 573 464 616 Nec
481 570 661 616 umbilicis
683 572 801 616 cultus
818 606 830 624 ‚
849 586 958 633 atque
979 569 1212 617 membrana:

335 694 338 698 ¹
382 645 553 688 Mercare
573 643 661 688 tales
680 643 773 688 adeo
790 678 800 694 ,
824 660 892 688 nec
914 642 1004 688 sciet
1023 641 1227 705 quisquam.

385 715 512 760 Aliena
533 715 694 778 quisquis
715 714 864 767 recitat,
884 714 923 760 ὅ(
943 714 1034 778 petit
1054 715 1212 767 samam3

386 791 473 835 Non
489 807 612 836 emere
629 789 761 837 librum
775 824 787 842 ,
807 789 868 835 sed
885 787 1069 834 filentium
1089 788 1214 835 debet.

737 971 936 1017 LXVIII.
967 973 1049 1017 Ad
1078 971 1313 1015 Choerilum.

391 1075 562 1162 Luam
581 1112 697 1160 homo
715 1132 753 1160 es
775 1114 924 1160 nimium
937 1149 950 1168 ‚
967 1115 1055 1161 dicis
1073 1114 1189 1167 mihi,
1211 1113 1380 1169 Choerile
1395 1148 1407 1169 ‚
1425 1114 1582 1178 sempet.

454 1188 496 1230 In
512 1202 546 1230 te
563 1185 626 1248 qui
645 1186 757 1241 dicit,
778 1186 947 1232 Choerile
961 1220 973 1240 ‚
992 1185 1087 1232 liber
1104 1185 1221 1231 homo
1242 1185 1305 1231 est.

792 1379 956 1426 Lx1x.
994 1380 1067 1425 De
1098 1379 1230 1438 Rufo.

486 1542 681 1579 quum
698 1525 773 1590 agit
792 1527 931 1584 Rufus,
952 1525 1043 1572 nihil
1062 1526 1112 1572 est
1134 1525 1197 1572 nifi
1221 1525 1344 1572 Naevia
1365 1529 1483 1574 Rufo.

463 1597 500 1643 Si
520 1600 652 1661 gaudet
666 1633 676 1650 ,
697 1598 721 1643 fi
739 1597 826 1650 flet,
849 1598 873 1643 fi
891 1614 1011 1651 tacet,
1030 1598 1121 1644 hanc
1139 1598 1318 1661 loquitur.

399 1674 537 1717 Coenat
553 1706 563 1718 .,
581 1672 782 1734 propinat,
801 1671 943 1735 poscit,
961 1687 1094 1736 negat,
1112 1670 1253 1726 innuit3
1273 1690 1341 1718 una
1359 1672 1410 1719 est

466 1743 616 1790 Naevia:
637 1743 662 1789 fi
683 1763 759 1791 non
780 1744 821 1790 fit
845 1744 971 1790 Naevia
986 1779 998 1797 ‚
1015 1759 1132 1790 mutus
1153 1744 1232 1790 erit.

404 1817 586 1864 Scriberet
604 1817 765 1863 hesterna
786 1817 877 1881 patri
898 1835 979 1863 cum
998 1817 1080 1862 luce
1098 1818 1274 1871 salutem3

469 1891 598 1938 Naevia
616 1892 679 1938 lux
694 1928 706 1946 ‚
726 1891 870 1954 inquit,
889 1891 1015 1938 Naevia
1027 1926 1040 1945 ‚
1062 1891 1187 1937 lumen
1202 1926 1215 1944 ‚
1232 1908 1312 1937 ave.

405 1966 493 2010 Haec
510 1964 624 2022 legit,
641 1964 681 2011 ὅ(
698 1965 791 2010 ridet
805 1964 959 2011 demiffo
979 1963 1108 2010 Naevia
1123 1964 1241 2011 vultu.

471 2036 599 2083 Naevia
618 2055 693 2084 non
710 2055 781 2083 una
799 2036 870 2083 est:
891 2035 979 2100 quid
994 2071 1007 2090 ‚
1026 2035 1083 2083 vir
1101 2035 1254 2103 inepte,
1275 2034 1392 2083 furis}

1606 511 1664 544 16
