1716 2927
264 168 946 226 EPIGRi4MMATUM
976 184 1092 231 LIB.

29 310 34 321 ³
104 286 277 342 Abnegat
296 286 335 333 &
355 286 486 332 retinet
505 287 666 332 nostrum
684 285 840 332 Laronia
861 286 1007 333 servum
1029 308 1039 332 z

173 360 390 422 Respondes
403 396 414 413 ,
435 359 522 405 orba
544 359 592 405 est
606 396 616 411 ,
635 359 736 407 dives
753 395 764 411 ,
783 378 872 406 anus
886 397 897 415 ‚
916 360 1040 406 vidua.

101 431 190 477 Non
212 431 333 485 bene,
352 431 462 477 crede
484 430 594 481 mihi,
616 431 724 478 servo
746 431 901 477 servitur
920 432 1059 481 amicoq·

170 503 225 550 Sit
241 503 336 550 liber
349 539 362 559 ,
380 503 554 551 dominus
573 503 635 566 qui
655 504 760 550 volet
780 504 853 549 effe
872 521 987 554 meus.

459 685 672 732 XXXIII.
707 686 761 730 Itz
778 687 1016 733 Philaenisn„

111 797 254 884 Coa
274 854 352 882 non
367 835 469 883 bafio
490 852 526 883 te
539 872 551 888 ,
568 835 748 883 Philaeni?
768 836 868 883 calva
887 855 940 883 es,

110 915 190 958 Cur
212 930 285 957 non
306 911 405 958 basio
429 930 465 959 te
480 948 492 966 ,
510 911 662 959 Philaeni
681 919 694 958 ?
716 912 792 957 rufa
809 930 859 957 es.

109 989 189 1032 Cur
210 1005 287 1033 non
305 986 405 1033 basio
426 1003 487 1040 te,
509 985 661 1032 Philaeni
678 993 692 1031 ?
711 985 809 1031 lusca
828 1003 880 1032 es„

112 1063 171 1107 Te
189 1060 252 1126 qui
272 1060 380 1108 bafiat
394 1097 407 1117 ‚
426 1060 486 1107 hic
499 1097 512 1116 ‚
529 1059 684 1107 Philaeni·
697 1095 710 1115 ,
730 1059 848 1105 fellat.

479 1247 700 1293 XXXIV.
735 1247 789 1291 Itz
822 1245 1011 1292 Gallam

1128 186 1191 231 II.

116 1355 266 1444 CUM
284 1392 427 1456 placeat
447 1391 616 1439 Phileros
631 1427 643 1444 ‚
665 1407 742 1438 tota
761 1390 826 1437 tibi
843 1392 934 1437 dote
953 1389 1137 1437 redemtus
1151 1390 1174 1446 ξ

177 1469 270 1511 Tres
287 1464 420 1528 pateris
441 1481 547 1510 natos
560 1498 572 1516 ‚
590 1464 699 1509 Galla
712 1497 724 1516 ‚
744 1462 867 1526 perire
883 1462 990 1508 fame.

116 1538 307 1586 Praestatur
326 1555 421 1583 cano
438 1551 535 1582 tanta
554 1534 784 1598 indulgentia
802 1552 928 1581 cunno
944 1569 957 1588 ,

180 1614 305 1672 Quem
326 1629 393 1657 nec
410 1609 501 1656 casta
521 1610 640 1674 potest
656 1609 728 1670 jam
744 1607 904 1654 decuiffe
924 1610 1067 1655 Venus*

115 1688 334 1748 Perpetuam
353 1688 401 1729 Di
418 1698 453 1729 te
471 1682 605 1729 faciant
622 1680 821 1728 Philerotis
839 1681 990 1728 amicam
1002 1715 1016 1736 ,

180 1759 218 1809 Q
236 1772 350 1802 mater
364 1791 377 1811 ‚
397 1774 468 1820 qua
488 1773 557 1802 nec
574 1754 705 1808 Pontia
722 1753 902 1809 deterior,¹

471 1942 677 1988 XXXV.
711 1944 792 1987 Ad
812 1943 1026 1988 Phoebum.

124 2056 274 2145 CUM
292 2093 362 2140 fint
378 2111 481 2140 crura
497 2091 563 2138 tibi
579 2127 591 2145 ‚
608 2091 775 2138 fimulent
791 2109 875 2155 quae
893 2090 1171 2147 cornualunae3

187 2170 231 2223 {n
247 2164 372 2230 rhytio
390 2180 538 2231 poteras
555 2202 567 2222 ‚
584 2165 724 2215 Phoebe
738 2201 750 2222 ,
767 2165 889 2214 lavare
907 2165 1034 2231 pedes.
