1716 2927
384 152 469 200 126
631 152 698 200 M.
737 154 895 200 VAL.
932 156 1380 204 MARTIALIS

375 260 566 321 Fugatque
586 258 722 304 muscas
740 275 879 323 myrtea
900 278 991 324 puer
1011 261 1125 323 virga.

373 329 556 376 Percurrit
571 330 658 394 agili
677 349 812 395 corpus
829 348 906 379 arte
924 333 1106 379 traekatrix
1119 368 1132 387 ‚

372 406 603 467 Manumque
619 405 763 452 doRam
783 406 919 470 spargit
940 407 1111 453 omnibus
1133 410 1327 458 membris:

375 476 494 541 Digiti
511 478 693 541 crepantis
711 478 810 542 signa
829 478 935 526 novit
952 480 1141 527 eunuchus
1155 515 1170 536 ,

374 551 422 594 Et
437 549 603 596 delicatae
622 548 812 596 suscitator
830 551 945 597 urinae

372 623 528 670 Domini
550 623 708 670 bibentis
730 624 869 671 ebrium
890 624 986 689 regit
1008 643 1154 689 penem.

368 702 423 742 'At
441 695 517 760 ipse
534 712 634 742 retro
654 696 768 742 flexus
786 698 830 743 ad
850 698 984 762 pedum
1005 700 1145 746 turbam
1160 734 1174 754 ‚

370 769 471 815 Inter
489 769 636 815 catellas
653 769 818 815 anserum
837 784 921 816 exta
941 771 1142 818 lambentes

370 842 526 890 Partitur
544 842 622 906 apri
646 842 834 907 glandulas
851 841 1051 906 palaestritis
1065 878 1078 896 ‚

369 917 416 960 Et
434 914 648 961 concubino
668 929 847 960 turturum
865 929 965 960 nates
983 914 1119 960 donat:

368 988 615 1051 Ligurumque
635 987 743 1034 nobis
762 988 843 1034 saxa
860 1004 942 1032 cum
961 985 1232 1042 ministrenturg

366 1062 439 1106 vel
461 1061 565 1107 cocia
582 1059 687 1106 fumis
706 1060 817 1106 musta
834 1057 1074 1104 Maffilitauis:

367 1134 605 1197 Opimianum
626 1132 861 1180 morionibus
880 1131 1005 1178 nectar

372 1205 680 1269 Crystallinisque
697 1203 968 1269 myrrhinisque
990 1202 1174 1268 propinat.

371 1280 418 1322 Et
437 1276 642 1324 Cosmianis
664 1277 743 1340 ipse
762 1278 859 1324 fusus
876 1277 1071 1340 ampullis,

367 1352 460 1395 Non
476 1348 659 1396 erubescit
679 1348 816 1395 murice
833 1366 948 1395 aureo
967 1347 1077 1394 nobis

368 1421 548 1468 Dividere
567 1421 721 1467 moechae
741 1421 913 1486 pauperis
933 1420 1119 1484 capillare.

367 1498 552 1559 Septunce
569 1495 686 1541 multo
704 1495 841 1541 deinde
861 1494 1023 1558 perditus
1039 1491 1175 1539 stertit:

367 1569 450 1615 Nos
467 1569 683 1614 accubamus
697 1603 710 1622 ‚
729 1568 768 1615 ἃ
783 1603 796 1621 ,
814 1567 998 1614 filentium
1019 1566 1167 1613 ronchis

365 1642 534 1689 Praestare
550 1641 626 1703 juffi
641 1676 652 1694 ‚
670 1641 812 1687 nutibus
832 1640 1081 1705 propinamus.

369 1718 450 1761 Hos
468 1714 697 1760 Malchionis
716 1713 872 1778 patimur
889 1713 1050 1776 improbi
1071 1712 1172 1759 fastus
1189 1734 1201 1766 ·,

366 1791 450 1836 Nec
469 1788 655 1837 vindicare
670 1823 683 1843 ‚
701 1787 796 1835 Rufe
813 1822 825 1842 ‚
845 1787 1056 1854 poffurnu53
1072 1785 1187 1831 fellat.

710 1972 959 2020 LXXXIII.
999 1972 1048 2017 In
1070 1973 1276 2019 Coclitem,

370 2091 485 2181 UT
503 2128 629 2176 faciam
645 2128 816 2175 breviora
833 2146 964 2176 mones
982 2127 1240 2192 epigrammata
1255 2162 1266 2178 ,
1290 2127 1441 2173 Cocles,

433 2207 504 2252 Pac
520 2201 611 2255 ,mihi
625 2236 637 2257 ,
656 2190 759 2266 quod
777 2202 939 2250 Chione.
960 2219 1036 2250 non
1055 2201 1160 2266 potui
1178 2198 1337 2246 brevius,

1596 499 1646 544 ¹5

1591 863 1652 894 20

1589 1227 1647 1274 ²5.

1587 1582 1645 1625 30
