1716 2927
253 160 917 208 EPIGRAMMATUM
944 164 992 209 L.
1025 165 1089 211 X.
1236 162 1332 252 'ibis'

366 343 504 389 LXII.
541 346 621 389 Ad
644 342 879 408 magstrum
904 344 1008 390 ludi.

56 463 207 550 Imm
228 502 419 567 magister,
439 521 548 567 parce
567 502 719 567 fimplici
740 501 878 549 turbae:

55 573 116 618 Sic
134 588 169 618 te
189 573 400 637 frequentes
420 573 570 620 audiant
589 572 780 637 capillati,

50 647 97 691 Et
113 645 278 692 delicatae
293 645 423 709 diligat
437 645 570 691 chorus
588 645 747 691 mensae:

50 719 134 763 Nec
153 719 354 764 calculator
366 752 379 771 ‚
396 735 465 763 nec
483 717 642 764 notarius
657 717 773 766 velox

50 791 205 852 Majore
224 789 411 854 quisquam
430 789 570 836 circulo
588 806 808 837 coronetur.
1304 800 1330 851 ς

51 864 159 909 Albae
180 865 290 910 leone
307 861 478 909 flammeo
498 863 618 909 calent
638 864 764 917 luces,

50 936 272 999 Tostamque
289 934 435 980 fervens
453 935 567 981 Julius
588 935 718 997 coquit
736 934 898 988 meffem,

53 1007 195 1053 Cirrata
214 1007 304 1054 loris
325 1007 482 1053 horridis
504 1008 652 1070 Scythae
672 1007 805 1070 pellis,

49 1083 136 1142 Qua
154 1080 340 1144 vapulavit
356 1081 520 1145 Marsyas
541 1081 738 1127 Celenaeus
750 1116 762 1135 ‚

50 1154 266 1218 Ferulaeque
285 1153 397 1200 tristes
411 1190 423 1206 ,
445 1156 584 1217 sceptra
603 1155 927 1217 paedagogorumg
1265 1164 1330 1205 ἰοἶ

50 1227 224 1281 ceffent,
249 1227 385 1274 &Idus
405 1226 591 1273 dormiant
606 1227 643 1273 in
666 1227 875 1273 Ofilobres:

52 1298 186 1344 AEssate
206 1298 311 1362 pueri
326 1298 352 1343 fi
371 1299 520 1353 valent,
541 1299 622 1345 satis
642 1299 796 1346 discunt.

243 1473 399 1519 LXIII.
431 1453 706 1535 Epitaphium
723 1476 879 1520 nobilis
896 1490 1105 1521 matronae.

51 1586 349 1674 MARMORA
366 1645 473 1689 parva
491 1626 641 1690 quidem
657 1663 668 1680 ‚
688 1627 750 1673 sed
773 1646 849 1674 non
873 1627 1033 1683 ceffura,
1049 1626 1197 1682 viatori

111 1699 274 1746 Mausoli
291 1699 384 1745 saxis
406 1700 710 1764 pyramidumque
731 1701 838 1764 legis.

44 1769 102 1816 Bis
119 1789 200 1817 mea
218 1774 386 1817 Romano
405 1771 562 1835 spectata
580 1772 630 1818 est
650 1772 721 1818 vita
739 1775 907 1819 Terento
924 1804 937 1826 ‚

113 1844 157 1887 Et
175 1841 266 1887 nihil
283 1859 467 1888 extremos
483 1842 645 1906 perdidit
663 1858 747 1888 ante
766 1861 894 1906 rogos.
1256 1887 1263 1894 ,

46 1914 229 1977 Quinque
249 1913 349 1960 dedit
371 1932 507 1977 pueros
521 1950 533 1968 ‚
552 1914 706 1961 totidem
723 1914 810 1960 mihi
828 1919 921 1962 Juno
939 1916 1102 1980 puellas:
1291 1934 1324 1983 j]

113 1989 331 2034 Clauserunt
353 2006 482 2034 omnes
501 1988 637 2034 lumina
660 1988 778 2033 nostra
795 2007 931 2034 manus.

46 2063 221 2126 Contigit
241 2063 279 2110 ὅ(
296 2063 442 2109 thalami
463 2062 549 2108 mihi
568 2062 687 2127 gloria
707 2081 782 2108 rara
798 2098 810 2118 ‚
833 2062 975 2127 fuitque

110 2139 193 2183 Una
211 2136 399 2200 pudicitiae
417 2136 581 2184 mentula
601 2151 690 2183 uota
708 2154 811 2183 meae.
