1716 2927
267 154 948 211 'EPIGRAMMATUM
976 158 1025 204 L.
1062 160 1153 205 IX.

77 263 171 319 Sed,
190 266 292 328 quod
313 266 352 313 ὅ(
370 264 652 313 hircofis.serum
673 264 722 310 est
735 300 747 318 ,
766 264 804 311 8(
822 281 930 328 turpe
945 263 1071 329 pilosis
1084 300 1098 319 ‚

147 342 186 384 In
208 339 315 386 molli
333 339 491 400 rigidum
509 338 619 386 clune
638 338 795 385 libenter
810 338 934 386 habes.

74 415 132 459 Tu
146 447 157 465 ‚
174 412 234 475 qui
256 411 428 460 festarum
450 412 571 458 causas
599 413 638 459 ὃ(
655 411 823 476 pondera
843 411 936 458 nosti
952 446 965 466 ‚

139 485 212 531 Dic
232 485 347 540 mihi,
366 485 507 549 percidi
525 522 538 539 ‚
558 485 738 540 Pannice,
755 485 892 550 dogma
909 483 1023 531 facit?

450 683 614 730 XLIX.
653 686 708 728 112
743 684 973 728 Gallicum.

80 813 349 899 Hmmm'
367 867 448 896 cum
468 866 527 896 me
545 848 655 914 partis
676 847 741 895 tibi
755 883 767 896 ,
785 846 932 893 Gallice
949 880 962 900 ‚
981 858 1120 909 quartae

143 927 212 970 Per
229 940 288 969 tua
305 923 440 986 jurares
459 924 556 970 sacra
569 958 582 975 ‚
600 937 782 985 caputque
803 936 905 966 tuum
920 940 932 973 ·,

79 994 312 1041 Credidimus
327 1030 338 1047 ,
357 994 469 1060 (quis
490 987 588 1042 enim
607 994 754 1039 damnet
771 993 831 1039 sua
850 1009 940 1038 vota
959 988 1182 1053 libenter?)

147 1069 190 1113 Et
208 1068 307 1131 spem
329 1067 540 1114 muneribus
558 1066 719 1113 fovimus
738 1067 852 1130 usque
869 1066 983 1112 datis:

80 1143 182 1186 Inter
199 1159 281 1204 quae
298 1141 367 1187 rari
385 1145 602 1188 Laurentem
622 1140 800 1205 ponderis
820 1158 948 1204 aprum
1002 1131 1003 1136 ¹

147 1212 315 1257 Mifimus
327 1247 339 1266 ‚
357 1214 483 1259 AEtola
501 1214 548 1259 de
566 1213 766 1276 Calydone
786 1211 905 1275 putes,
932 1211 934 1213 ¹

83 1285 132 1328 At
152 1298 189 1327 tu
205 1284 387 1329 continuo
406 1285 666 1348 populumque
680 1319 692 1336 ‚
709 1283 904 1347 patresque
920 1281 1076 1329 vocasti:

146 1356 274 1402 RuRat
292 1356 409 1402 adhuc
426 1374 553 1419 aptum
571 1355 701 1401 callida
720 1359 840 1400 Roma
856 1372 991 1401 meum.

79 1427 161 1491 Ipse
183 1447 255 1492 ego
276 1427 388 1493 (quis
408 1426 590 1489 credat?)
611 1423 771 1472 conviva
793 1443 861 1470 nec
882 1424 1030 1469 ultimus
1050 1420 1155 1467 haefi:

150 1501 221 1546 Sed
243 1518 310 1546 nec
330 1501 425 1546 costa
442 1501 524 1546 data
542 1499 614 1556 est,
631 1497 793 1544 caudave
814 1497 912 1542 missa
929 1496 1027 1542 mihi.

81 1576 140 1620 De
159 1573 360 1634 quadrante
377 1588 442 1617 tuo
464 1571 566 1643 quid
570 1570 745 1651 sperem,
765 1569 940 1615 Gallice?
959 1566 1059 1614 nulla

143 1649 203 1692 De
225 1646 350 1692 nostro
367 1644 476 1705 nobis
494 1643 579 1691 unci
582 1663 602 1691 a
618 1643 721 1693 venit
739 1661 847 1707 apro.

286 1843 336 1888 L.
371 1833 559 1905 Daioga
576 1862 603 1888 a
625 1845 851 1888 Parthenio
861 1840 952 1905 fibi
970 1843 1140 1886 donata.

82 1964 181 2052 H
185 2020 256 2049 AEc
276 2003 325 2050 est
343 2003 405 2049 illa
422 2003 511 2049 meis
529 2003 684 2050 multum
702 2018 841 2069 cantata
860 2002 976 2050 libelli
980 2022 1023 2055 ς,

152 2077 275 2134 Quam
294 2093 395 2121 meus
412 2074 563 2121 edidicit
581 2065 700 2121 lefior
717 2092 885 2137 amatque
907 2088 1045 2138 togam.

83 2145 324 2192 Partheniana
343 2146 440 2199 fuit
460 2146 647 2208 quondam
669 2143 910 2191 memorabile
928 2144 1018 2192 vatis

152 2217 339 2264 Munus:
331 2237 366 2264 m
386 2218 452 2264 hac
472 2218 566 2264 ibam
588 2215 871 2280 conspiciendus
890 2234 1028 2280 eques:

83 2292 183 2337 Dum
205 2307 302 2338 nova
317 2325 329 2344 ‚
349 2291 435 2336 dum
453 2288 564 2335 nitida
583 2288 750 2351 fulgebat
767 2288 957 2351 splendida
973 2289 1082 2344 lana,'

152 2363 326 2425 Dumque
347 2377 424 2411 erat
439 2360 597 2410 aufiloris
618 2359 772 2408 nomine
788 2359 901 2425 digna
917 2361 990 2408 sui:

1293 171 1356 221 59

1310 1509 1366 1538 10
