1716 2927
290 161 782 210 EPIGRAMMA
801 161 968 207 TUM
996 164 1043 210 L.
1078 165 1145 212 X.

294 357 505 405 LXXIX.
541 358 616 403 De
645 359 858 417 Torquato
884 353 927 403 G*
951 356 1152 404 Otacilio.

101 485 222 574 AD
238 523 399 589 lapidem
414 527 625 589 Torquatus
640 524 751 572 habet
768 522 942 588 praetoria
961 539 1152 591 quartum:

165 597 223 643 Ad
242 614 405 660 quartum
421 598 535 644 breve
552 616 612 644 rus
628 597 718 660 emit
737 595 934 645 Otacilius:

99 671 309 731 Torquatus
327 669 457 716 nitidas
474 670 576 717 vario
596 671 643 717 de
663 687 846 716 marmore
863 669 1021 716 thermas

167 740 372 788 Exstruxit:
392 759 580 789 cucumam
597 741 686 789 fecit
706 741 901 789 Otacilius.

99 814 289 878 Disposuit
306 815 515 879 Daphnona
532 816 598 862 suo
617 819 828 879 Torquatus
845 815 882 861 in
898 833 1015 880 agro:

168 887 358 934 Castaneas
377 903 525 935 centum
543 887 636 934 sevit
652 887 846 935 Otacilius.

103 961 274 1008 Consule
290 964 483 1025 Torquato
499 960 569 1008 vici
586 960 655 1006 fuit
671 960 736 1007 ille
752 961 946 1026 magister3

167 1036 249 1080 Nec
267 1033 391 1081 minor
410 1033 447 1079 in
468 1048 569 1080 tanto
586 1032 678 1080 visus
698 1032 842 1081 honore
858 1033 937 1081 fibi.

107 1106 265 1154 Grandis
283 1124 322 1154 ut
338 1107 510 1172 exiguam
527 1107 597 1153 bos
612 1125 731 1153 ranam
749 1125 896 1171 ruperat
913 1106 1006 1154 olim
1019 1106 1041 1162 ζ

169 1178 230 1225 sic
243 1195 337 1244 puto
356 1181 566 1245 Torquatus
584 1194 731 1244 rumpet
751 1179 965 1241 Otacilium.

506 1377 694 1424 LXXX.
728 1378 802 1423 De
827 1379 871 1422 E
872 1393 966 1425 rota,

114 1507 326 1594 PLORAT
342 1548 461 1600 Eros,
479 1546 629 1609 quoties
645 1547 842 1594 maculosae
858 1547 994 1611 pocula
1015 1547 1172 1612 myrrhae

176 1618 350 1683 Inspicit,
368 1635 428 1666 aut
442 1638 579 1684 pueros
594 1658 606 1673 ,
625 1621 836 1668 nobiliusve
854 1620 1000 1667 citrum:

107 1695 153 1739 Et
171 1691 326 1755 gemitus
345 1692 421 1739 imo
441 1693 542 1739 ducit
557 1694 603 1739 de
621 1694 800 1758 pectore,
820 1694 922 1757 quod
940 1712 1016 1740 non

176 1768 275 1811 Tota
294 1765 401 1812 miser
419 1781 563 1813 coemat
582 1767 682 1830 septa
697 1802 710 1820 ‚
728 1767 893 1830 feratque
911 1767 1078 1814 domum:

114 1840 235 1898 Quam
252 1829 356 1884 inulti
375 1837 537 1893 faciunt,
556 1840 660 1902 quod
680 1842 774 1885 Eros
789 1874 800 1890 ,
817 1839 879 1886 sed
898 1839 1035 1887 lumine
1054 1838 1152 1887 ficco

179 1916 262 1958 Pars
282 1913 398 1976 major
416 1912 579 1960 lacrimas
594 1912 715 1966 ridet,
734 1911 773 1959 ἃ
791 1911 886 1959 intus
905 1912 1026 1960 habet.

1170 1844 1182 1883 ο-ει

1285 179 1380 229 119

1329 1196 1385 1226 10
