1716 2927
402 122 489 191 17⁷6
662 128 729 177 M.
768 134 926 180 VAL.
958 132 1408 183 MARTIALIS

394 238 482 283 Hoc
501 253 576 297 ego
591 270 602 287 ,
624 251 738 299 tuque
756 237 884 284 sumus.
904 239 966 285 sed
986 240 1090 302 quod
1109 240 1183 286 sum
1199 278 1211 296 ‚
1233 259 1310 288 non
1329 258 1439 307 potes
1451 242 1552 294 effe:

460 311 520 357 Tu
541 310 645 374 quod
661 328 700 357 es
713 345 726 366 ,
742 329 763 357 e
783 312 930 376 populo
951 312 1107 376 quilibet
1124 313 1198 361 effe
1214 314 1349 378 potest.
1492 330 1496 333 '
1621 336 1678 368 ιο

783 493 912 541 XIV.
945 495 1020 540 De
1044 494 1264 553 Nannejo.

389 612 578 699 Senem?
597 650 718 715 primo
740 652 869 700 solitus
889 653 927 701 in
945 655 1059 719 gradu
1077 655 1221 719 semper
1234 690 1247 710 s

385 727 497 771 Tunc
518 743 598 770 cum
619 724 748 770 liceret
767 745 952 791 occupare
966 761 979 781 ‚
1001 728 1222 790 Nanneju53

384 798 445 845 Bis
466 799 641 845 excitatus
658 814 789 862 terque
809 801 985 846 transtulit
1004 801 1112 847 castra
1125 837 1139 855 ,

385 874 433 918 Et
450 873 545 919 inter
564 873 652 936 ipsas
676 892 782 937 paene
799 873 927 920 tertius
946 874 1051 920 sellas
1167 866 1174 870 ,

384 945 471 991 Post
491 947 699 1010 Cajumque
718 946 944 1011 Luciumque
962 947 1147 996 consedit.
1646 958 1678 1011 ,52

384 1017 495 1064 Illinc
513 1019 662 1065 cucullo
682 1019 862 1083 prospicit
879 1036 990 1083 caput
1007 1020 1125 1066 te&us
1138 1054 1153 1073 ‚

384 1091 591 1155 Oculoque
609 1093 719 1139 ludos
736 1093 875 1156 {pefiat
895 1093 1074 1138 indecens
1093 1110 1184 1139 uno.

384 1168 431 1210 Et
454 1165 539 1211 hinc
561 1166 670 1212 miser
686 1166 848 1227 dejer
867 1166 904 1212 in
924 1164 1018 1212 viam
1037 1165 1187 1219 transit,

381 1239 643 1303 Subsellioque
660 1239 860 1286 semifultus
884 1256 1056 1286 extremo
1072 1273 1085 1291 ‚

379 1316 428 1359 Et
443 1313 538 1359 male
557 1329 728 1376 receptus
738 1313 863 1358 altero
885 1329 984 1375 genu
998 1346 1009 1364 ‚
1023 1311 1132 1372 jafflt
1609 1325 1674 1357 ἰο

382 1385 508 1450 Equiti
527 1387 654 1433 sedere
667 1422 680 1441 ,
698 1385 903 1449 Leffioque
921 1384 959 1432 se
977 1384 1084 1434 stare.
1464 1380 1468 1384 ’

672 1573 779 1619 XV.
813 1576 894 1619 Ad
914 1574 1011 1634 Caes]
1034 1572 1356 1635 Domitianum-⁴

382 1677 634 1787 QUINTUS
653 1715 861 1761 nostrorum
880 1715 975 1761 liber
994 1717 1043 1762 est
1056 1752 1068 1770 ‚
1088 1717 1273 1780 Auguste,
1290 1716 1493 1778 jocorum3

447 1793 492 1836 Et
512 1788 676 1853 queritur
694 1788 799 1834 laesus
819 1788 980 1835 carmine
1004 1807 1116 1835 nemo
1138 1806 1238 1834 meo.

381 1863 530 1909 Gaudet
549 1862 738 1908 honorato
758 1861 820 1908 sed
840 1862 974 1908 multus
992 1861 1145 1908 nomine
1161 1861 1280 1908 le&or
1292 1888 1307 1916 ,-

445 1934 519 1980 Cui
538 1934 674 1981 vietum
691 1952 776 1980 meo
799 1953 951 1981 munere
971 1934 1063 1981 fama
1083 1935 1199 1980 datur.

379 2006 486 2068 Quid
505 2022 622 2053 tamen
642 2006 720 2053 haec
742 2007 920 2072 prosunt,
938 2006 1102 2071 quamvis
1118 2005 1330 2054 venerantia
1349 2006 1516 2055 multos?
1631 2022 1658 2070 5

445 2081 535 2130 Non
553 2079 718 2146 prosint:
740 2081 824 2129 sane
843 2098 902 2129 me
919 2095 1040 2128 tamen
1061 2079 1122 2127 ista
1139 2079 1275 2143 juvant.
