1716 2927
340 101 402 148 60
609 95 674 149 M.
711 103 1351 149 VAL.MARTIALIS

727 288 888 335 CXIII.
920 291 975 334 In
1003 288 1201 348 Priscum.

342 391 491 479 CUM
508 443 544 475 te
562 447 637 476 non
657 430 797 476 noffem
811 466 822 483 ,
842 428 1033 476 dominum
1052 431 1253 492 regemque
1270 427 1469 475 vocabam:

405 505 503 549 Cum
521 502 618 549 bene
638 519 674 549 te
694 502 812 555 novi,
834 503 905 562 'jam
924 500 1008 547 mihi
1030 501 1170 547 Priscus
1192 501 1275 546 eris.

708 673 875 721 CXIV.
910 677 958 719 A
960 677 991 719 d
1016 675 1229 721 Lec‘lorem.

295 815 297 818 ’
342 775 692 882 QUAECUNQUE
710 811 775 857 lust
799 810 942 873 juvenis
963 810 1003 857 &
1024 828 1115 874 puer
1136 808 1320 871 quondam
1337 843 1350 862 ‚

341 885 556 949 Apinasque
577 885 713 932 nostras
728 922 740 938 ,
760 903 848 947 quas
865 902 934 931 nec
954 884 1029 948 ipse
1049 885 1119 945 jam
1143 882 1259 936 novi,
1335 912 1342 914 —

342 958 447 1004 Male
467 957 657 1003 collocare
676 956 701 1001 fi
718 956 833 1001 bonas
853 957 957 1002 voles
977 955 1107 1008 horas,

345 1034 392 1078 Et
411 1031 594 1076 invidebis
612 1031 693 1076 οτῐο
713 1046 802 1082 tuo,
824 1029 969 1081 ἱεᾶοῐ,

344 1095 379 1149 ‘A
399 1102 595 1148 Valeriano
614 1102 739 1148 Pollio
763 1116 866 1164 petes
885 1100 1051 1160 Quinsto
1066 1134 1079 1150 ‚
1132 1144 1138 1151 ,

344 1179 414 1223 Per
433 1192 542 1239 quem
561 1174 681 1240 perire
698 1192 780 1219 non
797 1173 883 1219 licet
901 1171 992 1218 meis
1009 1170 1127 1239 nugis.

718 1347 867 1393 CXV.
904 1349 981 1392 Ad
999 1347 1254 1414 Faustinum.

351 1452 502 1540 Hos
519 1487 583 1534 tibi
602 1486 746 1533 vicinos
759 1522 772 1539 ‚
791 1485 956 1532 FaustIne
969 1519 979 1538 ‚
997 1483 1253 1548 Telesphorus
1273 1482 1404 1530 hortos

416 1561 562 1606 Foen'xus
576 1596 588 1613 ‚
609 1560 647 1606 ὅ(
666 1560 778 1605 breve
796 1577 854 1604 rus
869 1594 881 1611 ‚
900 1560 1042 1620 udaque
1063 1572 1161 1619 prata
1183 1571 1298 1600 tenet.

353 1636 537 1683 Condidit
557 1635 616 1680 hic
636 1650 729 1681 natae
749 1635 915 1687 cineta,
934 1649 1144 1697 nomenque
1163 1631 1341 1685 sacravit,

419 1708 537 1769 Quod
558 1708 650 1771 legis
665 1742 677 1760 ‚
698 1707 881 1761 Antullae,
898 1705 1046 1770 dignior
1064 1705 1140 1768 ipse
1159 1705 1249 1767 legi.

351 1786 398 1830 Et
416 1781 559 1844 Stygias
582 1799 728 1843 aequum
748 1780 865 1826 fuerat
884 1795 1022 1843 patrem
1043 1778 1105 1824 iffe
1125 1778 1188 1823 sub
1204 1777 1373 1823 umbras:

416 1854 489 1901 Sed
507 1853 590 1918 quia
611 1871 690 1901 nou
706 1851 837 1905 licuit,
858 1851 972 1905 vivit,
993 1865 1031 1896 ut
1049 1849 1123 1897 offa
1143 1849 1256 1897 colat.

735 2035 904 2081 CXVI.
938 2036 991 2078 In
1012 2033 1253 2078 Procillum.

451 2188 624 2220 UAEDAM
643 2189 701 2217 me
720 2171 821 2234 cupit
836 2208 848 2225 ‚
869 2170 992 2216 invide
1015 2167 1174 2215 Procille
1191 2202 1204 2222 ,

357 2252 462 2294 Toto
481 2245 670 2292 candidior
689 2244 813 2307 puella
833 2260 959 2306 cygno
979 2277 991 2295 ‚

360 2324 527 2385 Argento
543 2355 555 2373 ,
578 2318 662 2367 nive
675 2353 688 2373 ,
708 2318 790 2365 lilio
805 2351 816 2371 ‚
837 2316 1013 2380 ligustro:
