1716 2927
233 92 903 144 'EPIGRAMMATUM
931 95 1066 143 LIB.
1101 98 1163 144 II.

495 283 567 329 ΙΙΙ.
605 284 687 328 Ad
714 285 905 329 Sextum.

71 394 262 485 Sexus,
286 431 378 478 nihil
400 431 540 484 debes;
561 429 612 476 nil
632 430 747 477 debes
766 466 775 482 ,
796 432 934 482 Sexte,
953 428 1122 476 fatemur,

136 507 262 553 Debet
279 504 381 552 enim
395 540 407 559 ,
428 503 453 550 st
471 503 550 568 quis
571 503 718 550 solvere
730 537 743 555 ‚
760 505 873 548 Sexte
886 536 899 555 ,
917 501 1051 564 potest.

457 691 537 736 IV.
573 693 627 736 In
657 691 956 736 Ammiamcm.

80 803 169 893 O
191 858 328 897 QUAM
343 840 499 887 blandus
516 857 554 885 es
570 874 582 891 ,
602 839 789 885 Ammiane
804 873 816 890 ,
834 837 965 883 martit

74 921 200 977 Quam
218 914 350 961 blanda
369 912 418 958 est
437 911 500 957 tibi
520 927 634 957 mater
649 947 661 965 ‚
682 910 900 957 Ammiane!

72 993 235 1036 Fratrem
255 1004 291 1034 te
309 1002 417 1034 vocat
432 1021 444 1040 ,
465 984 504 1032 ἃ
524 985 631 1031 soror
650 999 816 1030 vocatur.

75 1063 155 1108 Cur
172 1079 242 1107 vos
261 1059 411 1105 nomina
433 1056 614 1121 nequ'tora
637 1063 818 1120 tangunt?

75 1138 204 1195 Quare
223 1152 298 1180 non
319 1134 416 1192 iuvat
436 1132 510 1178 hoc
525 1168 535 1182 ,
554 1132 658 1194 quod
676 1131 755 1176 est'is
769 1166 780 1183 ‚
801 1129 900 1175 effe?

73 1208 203 1252 Lusum
223 1205 370 1251 creditis
388 1205 462 1251 hoc
476 1241 487 1257 .,
510 1205 739 1266 jocumque?
763 1221 840 1248 non
859 1202 921 1249 est.

75 1282 238 1326 Matrem
254 1314 265 1330 ,
288 1297 371 1340 quae
387 1278 489 1339 cupit
511 1278 583 1322 effe
603 1279 639 1323 se
659 1278 827 1321 sororem
845 1311 858 1327 ‚

77 1354 160 1399 Nec
182 1369 332 1398 matrem
353 1350 454 1412 juvat
472 1349 545 1395 effe
560 1384 572 1402 ‚
594 1366 662 1394 nec
682 1348 865 1394 sororem.

479 1537 538 1583 V.
573 1537 654 1581 Ad
675 1537 932 1600 Decianum.

79 1648 188 1735 NE
204 1685 343 1732 valeam
360 1722 372 1740 ‚
388 1684 413 1730 fi
436 1702 513 1730 non
531 1682 620 1730 totis
634 1720 646 1739 ‚
666 1682 833 1729 Deciane
846 1719 857 1735 ,
875 1682 1005 1728 diebus
1021 1692 1036 1736 ζ

144 1762 189 1805 Et
208 1774 331 1804 tecum
349 1757 438 1803 totis
457 1755 625 1801 nofflbus
645 1755 717 1801 effe
738 1756 862 1802 velim.

77 1832 151 1878 Sed
171 1832 247 1878 duo
269 1830 350 1876 sunt
365 1865 378 1883 ,
396 1847 478 1892 quae
497 1846 565 1874 nos
584 1828 836 1891 distinguunt,
854 1828 968 1875 millia
985 1827 1147 1893 passam:

146 1907 321 1965 Quatuor
343 1904 420 1948 haec
437 1902 530 1947 fiunt
545 1937 556 1955 ‚
576 1920 657 1948 cum
679 1902 862 1947 rediturus
879 1919 972 1947 eam.

81 1981 192 2042 Saepe
207 1978 310 2024 domi
333 1995 408 2023 non
430 1995 469 2022 es
486 1998 493 2022 :
511 1994 592 2021 cum
612 1975 656 2021 fis
677 1993 830 2039 quoque
845 2010 856 2028 ‚
876 1975 975 2040 saepe
995 1973 1160 2039 negaris:

145 2053 215 2098 ve}
237 2070 373 2098 tantum
393 2050 504 2097 caufis
517 2088 529 2105 ‚
547 2051 607 2097 vel
625 2050 690 2096 tibi
710 2050 807 2114 saepe
823 2068 940 2098 vacas.

79 2128 136 2172 Te
157 2141 277 2171 tamen
298 2142 336 2170 ut
352 2125 495 2172 videam
510 2160 522 2178 ‚
538 2124 616 2171 duo
635 2124 749 2170 millia
768 2143 843 2170 non
862 2124 966 2188 piget
985 2123 1063 2173 ire:

147 2199 199 2243 Ut
219 2211 255 2243 te
276 2215 353 2243 non
371 2196 516 2244 videam
530 2232 542 2252 ‚
560 2214 717 2260 quatuor
734 2195 787 2243 ire
805 2194 926 2261 piget.

176 2391 410 2438 Martialis.
1041 2383 1071 2427 E
