<?xml version="1.0" encoding="UTF-8"?>
<!DOCTYPE html PUBLIC "-//W3C//DTD XHTML 1.0 Transitional//EN"
    "http://www.w3.org/TR/xhtml1/DTD/xhtml1-transitional.dtd">
<html xmlns="http://www.w3.org/1999/xhtml" xml:lang="en" lang="en">
 <head>
  <title>
</title>
<meta http-equiv="Content-Type" content="text/html;charset=utf-8" />
  <meta name='ocr-system' content='tesseract 3.04.00' />
  <meta name='ocr-capabilities' content='ocr_page ocr_carea ocr_par ocr_line ocrx_word'/>
</head>
<body>
  <div class='ocr_page' id='page_1' title='image "./epigrammataadopt00martuoft_0177.png"; bbox 0 0 1716 2927; ppageno 0'>
   <div class='ocr_carea' id='block_1_1' title="bbox 293 132 1373 205">
    <p class='ocr_par' dir='ltr' id='par_1_1' title="bbox 293 132 1373 205">
     <span class='ocr_line' id='line_1_1' title="bbox 293 132 1373 205; baseline 0.008 -23"><span class='ocrx_word' id='word_1_1' title='bbox 293 132 967 184; x_wconf 76' lang='lat' dir='ltr'><em>&#39;EPIGRAMMATUM</em></span> <span class='ocrx_word' id='word_1_2' title='bbox 996 141 1043 185; x_wconf 89' lang='lat' dir='ltr'>L.</span> <span class='ocrx_word' id='word_1_3' title='bbox 1078 140 1165 190; x_wconf 84' lang='lat' dir='ltr'><em>III.</em></span> <span class='ocrx_word' id='word_1_4' title='bbox 1284 145 1373 205; x_wconf 66' lang='lat'>132¹</span> 
     </span>
    </p>
   </div>
   <div class='ocr_carea' id='block_1_2' title="bbox 96 244 1041 382">
    <p class='ocr_par' dir='ltr' id='par_1_2' title="bbox 96 244 1041 382">
     <span class='ocr_line' id='line_1_2' title="bbox 96 244 1041 308; baseline 0 -17"><span class='ocrx_word' id='word_1_5' title='bbox 96 244 170 292; x_wconf 85' lang='lat' dir='ltr'>Sed</span> <span class='ocrx_word' id='word_1_6' title='bbox 188 244 398 308; x_wconf 71' lang='lat' dir='ltr'>paedicaris:</span> <span class='ocrx_word' id='word_1_7' title='bbox 419 244 482 290; x_wconf 86' lang='lat' dir='ltr'>sed</span> <span class='ocrx_word' id='word_1_8' title='bbox 500 244 653 307; x_wconf 84' lang='lat' dir='ltr'>pulchre</span> <span class='ocrx_word' id='word_1_9' title='bbox 667 281 679 299; x_wconf 85' lang='lat'>‚</span> <span class='ocrx_word' id='word_1_10' title='bbox 698 245 860 291; x_wconf 80' lang='lat' dir='ltr'>Naevole</span> <span class='ocrx_word' id='word_1_11' title='bbox 876 281 888 297; x_wconf 82' lang='lat'>‚</span> <span class='ocrx_word' id='word_1_12' title='bbox 905 263 1014 290; x_wconf 87' lang='lat' dir='ltr'>ceves</span> <span class='ocrx_word' id='word_1_13' title='bbox 1031 265 1041 291; x_wconf 76' lang='lat' dir='ltr'><em>z</em></span> 
     </span>
     <span class='ocr_line' id='line_1_3' title="bbox 165 316 1029 382; baseline 0.001 -18"><span class='ocrx_word' id='word_1_14' title='bbox 165 319 238 364; x_wconf 84' lang='lat' dir='ltr'>Jam</span> <span class='ocrx_word' id='word_1_15' title='bbox 255 317 326 380; x_wconf 80' lang='lat' dir='ltr'>jam</span> <span class='ocrx_word' id='word_1_16' title='bbox 346 316 394 364; x_wconf 86' lang='lat' dir='ltr'>fic</span> <span class='ocrx_word' id='word_1_17' title='bbox 408 317 514 382; x_wconf 86' lang='lat' dir='ltr'>prior</span> <span class='ocrx_word' id='word_1_18' title='bbox 533 335 571 364; x_wconf 85' lang='lat' dir='ltr'>es</span> <span class='ocrx_word' id='word_1_19' title='bbox 586 353 598 372; x_wconf 94' lang='lat'>‚</span> <span class='ocrx_word' id='word_1_20' title='bbox 615 317 787 365; x_wconf 83' lang='lat' dir='ltr'>Naevole.</span> <span class='ocrx_word' id='word_1_21' title='bbox 805 318 931 365; x_wconf 80' lang='lat' dir='ltr'>vincis,</span> <span class='ocrx_word' id='word_1_22' title='bbox 950 337 1029 365; x_wconf 87' lang='lat' dir='ltr'>ave.</span> 
     </span>
    </p>
   </div>
   <div class='ocr_carea' id='block_1_3' title="bbox 451 479 1034 569">
    <p class='ocr_par' dir='ltr' id='par_1_3' title="bbox 451 479 1034 569">
     <span class='ocr_line' id='line_1_4' title="bbox 451 479 1034 569; baseline 0.009 -18"><span class='ocrx_word' id='word_1_23' title='bbox 451 505 622 553; x_wconf 83' lang='lat' dir='ltr'>XCVI.</span> <span class='ocrx_word' id='word_1_24' title='bbox 657 507 711 552; x_wconf 82' lang='lat' dir='ltr'>In</span> <span class='ocrx_word' id='word_1_25' title='bbox 735 507 987 569; x_wconf 79' lang='lat' dir='ltr'><em>Gargilium.</em></span> <span class='ocrx_word' id='word_1_26' title='bbox 1031 479 1034 482; x_wconf 11' lang='grc' dir='ltr'><strong>Α</strong></span> 
     </span>
    </p>
   </div>
   <div class='ocr_carea' id='block_1_4' title="bbox 100 624 892 869">
    <p class='ocr_par' dir='ltr' id='par_1_4' title="bbox 100 624 892 869">
     <span class='ocr_line' id='line_1_5' title="bbox 100 624 892 725; baseline -0.001 -17"><span class='ocrx_word' id='word_1_27' title='bbox 100 624 298 712; x_wconf 72' lang='lat' dir='ltr'><strong>LINst</strong></span> <span class='ocrx_word' id='word_1_28' title='bbox 314 696 325 714; x_wconf 79' lang='grc'>,</span> <span class='ocrx_word' id='word_1_29' title='bbox 344 678 419 707; x_wconf 92' lang='lat' dir='ltr'>non</span> <span class='ocrx_word' id='word_1_30' title='bbox 433 659 547 707; x_wconf 73' lang='lat' dir='ltr'><strong>futuis</strong></span> <span class='ocrx_word' id='word_1_31' title='bbox 564 678 682 707; x_wconf 80' lang='lat' dir='ltr'>meam</span> <span class='ocrx_word' id='word_1_32' title='bbox 704 660 866 725; x_wconf 77' lang='lat' dir='ltr'>puellam</span> <span class='ocrx_word' id='word_1_33' title='bbox 879 682 892 707; x_wconf 75' lang='lat' dir='ltr'><em>z</em></span> 
     </span>
     <span class='ocr_line' id='line_1_6' title="bbox 102 731 845 796; baseline 0 -16"><span class='ocrx_word' id='word_1_34' title='bbox 102 736 150 780; x_wconf 90' lang='lat' dir='ltr'>Et</span> <span class='ocrx_word' id='word_1_35' title='bbox 171 732 284 796; x_wconf 80' lang='lat' dir='ltr'>garris</span> <span class='ocrx_word' id='word_1_36' title='bbox 304 731 401 795; x_wconf 82' lang='lat' dir='ltr'>quafi</span> <span class='ocrx_word' id='word_1_37' title='bbox 421 732 609 787; x_wconf 84' lang='lat' dir='ltr'>moechus,</span> <span class='ocrx_word' id='word_1_38' title='bbox 632 732 845 780; x_wconf 65' lang='lat' dir='ltr'>&amp;sunnon</span> 
     </span>
     <span class='ocr_line' id='line_1_7' title="bbox 102 804 792 869; baseline 0 -19"><span class='ocrx_word' id='word_1_39' title='bbox 102 804 140 850; x_wconf 87' lang='lat' dir='ltr'>si</span> <span class='ocrx_word' id='word_1_40' title='bbox 162 819 197 850; x_wconf 93' lang='lat' dir='ltr'>te</span> <span class='ocrx_word' id='word_1_41' title='bbox 215 804 401 869; x_wconf 84' lang='lat' dir='ltr'>prendero</span> <span class='ocrx_word' id='word_1_42' title='bbox 415 840 427 859; x_wconf 89' lang='lat'>‚</span> <span class='ocrx_word' id='word_1_43' title='bbox 450 804 623 869; x_wconf 68' lang='lat' dir='ltr'><strong>Gargili,</strong></span> <span class='ocrx_word' id='word_1_44' title='bbox 641 804 792 852; x_wconf 79' lang='lat' dir='ltr'>tacebis,</span> 
     </span>
    </p>
   </div>
   <div class='ocr_carea' id='block_1_5' title="bbox 470 989 968 1049">
    <p class='ocr_par' dir='ltr' id='par_1_5' title="bbox 470 989 968 1049">
     <span class='ocr_line' id='line_1_8' title="bbox 470 989 968 1049; baseline 0.002 -15"><span class='ocrx_word' id='word_1_45' title='bbox 470 989 661 1036; x_wconf 86' lang='lat' dir='ltr'>XCVII.</span> <span class='ocrx_word' id='word_1_46' title='bbox 694 993 776 1036; x_wconf 76' lang='lat' dir='ltr'>Ad</span> <span class='ocrx_word' id='word_1_47' title='bbox 790 990 968 1049; x_wconf 61' lang='lat' dir='ltr'><em>Rufum</em></span> 
     </span>
    </p>
   </div>
   <div class='ocr_carea' id='block_1_6' title="bbox 105 1103 1262 1280">
    <p class='ocr_par' dir='ltr' id='par_1_6' title="bbox 105 1103 1262 1280">
     <span class='ocr_line' id='line_1_9' title="bbox 105 1103 1262 1206; baseline 0 -16"><span class='ocrx_word' id='word_1_48' title='bbox 105 1103 213 1191; x_wconf 75' lang='lat' dir='ltr'>NE</span> <span class='ocrx_word' id='word_1_49' title='bbox 232 1140 333 1206; x_wconf 82' lang='lat' dir='ltr'>legat</span> <span class='ocrx_word' id='word_1_50' title='bbox 351 1141 450 1187; x_wconf 89' lang='lat' dir='ltr'>hunc</span> <span class='ocrx_word' id='word_1_51' title='bbox 470 1141 624 1189; x_wconf 77' lang='lat' dir='ltr'>Chione</span> <span class='ocrx_word' id='word_1_52' title='bbox 638 1178 650 1195; x_wconf 86' lang='lat'>‚</span> <span class='ocrx_word' id='word_1_53' title='bbox 670 1143 806 1189; x_wconf 85' lang='lat' dir='ltr'>mando</span> <span class='ocrx_word' id='word_1_54' title='bbox 827 1142 893 1189; x_wconf 81' lang='lat' dir='ltr'>tibi</span> <span class='ocrx_word' id='word_1_55' title='bbox 906 1142 1033 1199; x_wconf 76' lang='lat' dir='ltr'>,Rufe</span> <span class='ocrx_word' id='word_1_56' title='bbox 1048 1177 1060 1195; x_wconf 85' lang='lat'>‚</span> <span class='ocrx_word' id='word_1_57' title='bbox 1079 1141 1262 1190; x_wconf 61' lang='lat' dir='ltr'>libellum</span> 
     </span>
     <span class='ocr_line' id='line_1_10' title="bbox 169 1215 1086 1280; baseline 0.002 -19"><span class='ocrx_word' id='word_1_58' title='bbox 169 1215 345 1262; x_wconf 85' lang='lat' dir='ltr'>Carmine</span> <span class='ocrx_word' id='word_1_59' title='bbox 362 1215 447 1262; x_wconf 87' lang='lat' dir='ltr'>laesa</span> <span class='ocrx_word' id='word_1_60' title='bbox 467 1233 554 1262; x_wconf 91' lang='lat' dir='ltr'>meo</span> <span class='ocrx_word' id='word_1_61' title='bbox 573 1217 644 1271; x_wconf 88' lang='lat' dir='ltr'>est;</span> <span class='ocrx_word' id='word_1_62' title='bbox 662 1216 799 1263; x_wconf 85' lang='lat' dir='ltr'>laedere</span> <span class='ocrx_word' id='word_1_63' title='bbox 817 1216 857 1263; x_wconf 70' lang='grc' dir='ltr'>ὅ(</span> <span class='ocrx_word' id='word_1_64' title='bbox 875 1216 936 1262; x_wconf 74' lang='lat' dir='ltr'>illa</span> <span class='ocrx_word' id='word_1_65' title='bbox 953 1216 1086 1280; x_wconf 86' lang='lat' dir='ltr'>potest.</span> 
     </span>
    </p>
   </div>
   <div class='ocr_carea' id='block_1_7' title="bbox 453 1388 998 1439">
    <p class='ocr_par' dir='ltr' id='par_1_7' title="bbox 453 1388 998 1439">
     <span class='ocr_line' id='line_1_11' title="bbox 453 1388 998 1439; baseline 0.009 -5"><span class='ocrx_word' id='word_1_66' title='bbox 453 1388 665 1435; x_wconf 78' lang='lat' dir='ltr'>XCVIII.</span> <span class='ocrx_word' id='word_1_67' title='bbox 699 1393 752 1435; x_wconf 80' lang='lat' dir='ltr'>In</span> <span class='ocrx_word' id='word_1_68' title='bbox 773 1393 998 1439; x_wconf 79' lang='lat' dir='ltr'><em>Sabellum.</em></span> 
     </span>
    </p>
   </div>
   <div class='ocr_carea' id='block_1_8' title="bbox 107 1470 907 1642">
    <p class='ocr_par' dir='ltr' id='par_1_8' title="bbox 107 1470 907 1642">
     <span class='ocr_line' id='line_1_12' title="bbox 107 1470 907 1570; baseline 0 -16"><span class='ocrx_word' id='word_1_69' title='bbox 107 1470 208 1557; x_wconf 81' lang='lat' dir='ltr'>Su·</span> <span class='ocrx_word' id='word_1_70' title='bbox 226 1506 327 1553; x_wconf 84' lang='lat' dir='ltr'>culus</span> <span class='ocrx_word' id='word_1_71' title='bbox 342 1505 408 1551; x_wconf 79' lang='lat' dir='ltr'>tibi</span> <span class='ocrx_word' id='word_1_72' title='bbox 429 1524 537 1569; x_wconf 83' lang='lat' dir='ltr'>quam</span> <span class='ocrx_word' id='word_1_73' title='bbox 554 1524 700 1558; x_wconf 75' lang='lat' dir='ltr'>macer,</span> <span class='ocrx_word' id='word_1_74' title='bbox 720 1506 907 1570; x_wconf 74' lang='lat' dir='ltr'>requiris?</span> 
     </span>
     <span class='ocr_line' id='line_1_13' title="bbox 111 1578 761 1642; baseline -0.006 -14"><span class='ocrx_word' id='word_1_75' title='bbox 111 1578 298 1628; x_wconf 80' lang='lat' dir='ltr'>Paedicare</span> <span class='ocrx_word' id='word_1_76' title='bbox 313 1593 424 1642; x_wconf 87' lang='lat' dir='ltr'>potes</span> <span class='ocrx_word' id='word_1_77' title='bbox 438 1612 451 1632; x_wconf 90' lang='lat'><strong>‚</strong></span> <span class='ocrx_word' id='word_1_78' title='bbox 469 1578 615 1625; x_wconf 85' lang='lat' dir='ltr'>Sabelle</span> <span class='ocrx_word' id='word_1_79' title='bbox 629 1614 642 1631; x_wconf 87' lang='lat'><strong>‚</strong></span> <span class='ocrx_word' id='word_1_80' title='bbox 661 1579 761 1625; x_wconf 90' lang='lat' dir='ltr'>culo.</span> 
     </span>
    </p>
   </div>
   <div class='ocr_carea' id='block_1_9' title="bbox 480 1754 998 1803">
    <p class='ocr_par' dir='ltr' id='par_1_9' title="bbox 480 1754 998 1803">
     <span class='ocr_line' id='line_1_14' title="bbox 480 1754 998 1803; baseline 0.002 -2"><span class='ocrx_word' id='word_1_81' title='bbox 480 1754 650 1801; x_wconf 81' lang='lat' dir='ltr'><strong>XCIX.</strong></span> <span class='ocrx_word' id='word_1_82' title='bbox 684 1758 732 1800; x_wconf 88' lang='lat' dir='ltr'><em>A</em></span> <span class='ocrx_word' id='word_1_83' title='bbox 734 1758 765 1800; x_wconf 83' lang='lat' dir='ltr'><em>d</em></span> <span class='ocrx_word' id='word_1_84' title='bbox 779 1758 998 1803; x_wconf 81' lang='lat' dir='ltr'>cerdonem.</span> 
     </span>
    </p>
   </div>
   <div class='ocr_carea' id='block_1_10' title="bbox 114 1864 1030 2109">
    <p class='ocr_par' dir='ltr' id='par_1_10' title="bbox 114 1864 1030 2109">
     <span class='ocr_line' id='line_1_15' title="bbox 117 1864 1019 1957; baseline 0 -7"><span class='ocrx_word' id='word_1_85' title='bbox 117 1864 291 1950; x_wconf 77' lang='lat' dir='ltr'>IRAsm</span> <span class='ocrx_word' id='word_1_86' title='bbox 313 1902 438 1948; x_wconf 87' lang='lat' dir='ltr'>nostro</span> <span class='ocrx_word' id='word_1_87' title='bbox 459 1919 536 1948; x_wconf 87' lang='lat' dir='ltr'>non</span> <span class='ocrx_word' id='word_1_88' title='bbox 551 1902 662 1948; x_wconf 72' lang='lat' dir='ltr'>debes¹</span> <span class='ocrx_word' id='word_1_89' title='bbox 678 1938 690 1957; x_wconf 85' lang='lat'><strong>‚</strong></span> <span class='ocrx_word' id='word_1_90' title='bbox 708 1905 825 1949; x_wconf 78' lang='lat' dir='ltr'>cerdo</span> <span class='ocrx_word' id='word_1_91' title='bbox 841 1940 853 1957; x_wconf 72' lang='lat'><em>⁷</em></span> <span class='ocrx_word' id='word_1_92' title='bbox 872 1905 1019 1951; x_wconf 55' lang='lat' dir='ltr'>libella·</span> 
     </span>
     <span class='ocr_line' id='line_1_16' title="bbox 181 1973 1030 2027; baseline 0.002 -7"><span class='ocrx_word' id='word_1_93' title='bbox 181 1979 249 2020; x_wconf 83' lang='lat' dir='ltr'>Ars</span> <span class='ocrx_word' id='word_1_94' title='bbox 269 1989 351 2027; x_wconf 82' lang='lat' dir='ltr'>tua,</span> <span class='ocrx_word' id='word_1_95' title='bbox 371 1992 449 2019; x_wconf 90' lang='lat' dir='ltr'>non</span> <span class='ocrx_word' id='word_1_96' title='bbox 466 1973 540 2020; x_wconf 79' lang='lat' dir='ltr'>vita</span> <span class='ocrx_word' id='word_1_97' title='bbox 557 1975 607 2020; x_wconf 81' lang='lat' dir='ltr'>est</span> <span class='ocrx_word' id='word_1_98' title='bbox 621 2010 632 2027; x_wconf 78' lang='grc'><em>,</em></span> <span class='ocrx_word' id='word_1_99' title='bbox 653 1975 808 2020; x_wconf 79' lang='lat' dir='ltr'>carmine</span> <span class='ocrx_word' id='word_1_100' title='bbox 826 1976 908 2021; x_wconf 78' lang='lat' dir='ltr'>laesa</span> <span class='ocrx_word' id='word_1_101' title='bbox 928 1995 1030 2022; x_wconf 77' lang='lat' dir='ltr'>meo,</span> 
     </span>
     <span class='ocr_line' id='line_1_17' title="bbox 114 2046 985 2109; baseline 0 -15"><span class='ocrx_word' id='word_1_102' title='bbox 114 2050 306 2094; x_wconf 86' lang='lat' dir='ltr'>Innocuos</span> <span class='ocrx_word' id='word_1_103' title='bbox 325 2046 495 2109; x_wconf 80' lang='lat' dir='ltr'>permitte</span> <span class='ocrx_word' id='word_1_104' title='bbox 512 2047 613 2092; x_wconf 74' lang='lat' dir='ltr'>sales.</span> <span class='ocrx_word' id='word_1_105' title='bbox 635 2049 713 2092; x_wconf 75' lang='lat' dir='ltr'>Cur</span> <span class='ocrx_word' id='word_1_106' title='bbox 730 2047 858 2093; x_wconf 80' lang='lat' dir='ltr'>ludere</span> <span class='ocrx_word' id='word_1_107' title='bbox 877 2048 985 2094; x_wconf 72' lang='lat' dir='ltr'>nobis</span> 
     </span>
    </p>
   </div>
   <div class='ocr_carea' id='block_1_11' title="bbox 180 2120 885 2187">
    <p class='ocr_par' dir='ltr' id='par_1_11' title="bbox 180 2120 885 2187">
     <span class='ocr_line' id='line_1_18' title="bbox 180 2120 885 2187; baseline 0 -19"><span class='ocrx_word' id='word_1_108' title='bbox 180 2124 272 2169; x_wconf 90' lang='lat' dir='ltr'>Non</span> <span class='ocrx_word' id='word_1_109' title='bbox 289 2121 424 2175; x_wconf 80' lang='lat' dir='ltr'>liceat,</span> <span class='ocrx_word' id='word_1_110' title='bbox 443 2120 548 2168; x_wconf 85' lang='lat' dir='ltr'>licuit</span> <span class='ocrx_word' id='word_1_111' title='bbox 563 2121 589 2167; x_wconf 86' lang='lat' dir='ltr'>fi</span> <span class='ocrx_word' id='word_1_112' title='bbox 606 2122 776 2187; x_wconf 81' lang='lat' dir='ltr'>jugulare</span> <span class='ocrx_word' id='word_1_113' title='bbox 794 2122 885 2170; x_wconf 76' lang='lat' dir='ltr'>tibi?</span> 
     </span>
    </p>
   </div>
  </div>
 </body>
</html>
