1767 2881
289 109 404 161 “vm
565 102 633 146 M.
669 101 827 146 VAL.
860 100 1306 148 MARTIALIS

307 214 494 277 retisque
520 213 610 260 hoc
638 211 704 258 illi
734 227 902 270 nomen
926 210 1287 259 conditumz'alii
1316 227 1362 258 re
1389 210 1477 274 ipsa
1497 228 1580 260 co-

307 314 447 361 quum
486 295 614 361 egiffe
647 293 876 358 principio
907 293 1173 343 existimant.
1206 293 1354 342 Titius
1386 293 1462 342 lib.
1497 284 1585 343 Vl}

306 396 403 442 cap.
439 396 511 427 21.
551 381 591 425 A
625 376 871 438 majoribus
898 375 1116 423 adhaefiss‘e
1148 376 1214 437 ini
1247 376 1397 440 potius
1432 375 1584 424 existi-

303 478 420 510 mem
442 498 457 519 ‚
484 460 558 507 seu
586 475 746 522 parens
783 475 960 523 coquus
995 459 1051 506 ab
1078 457 1267 506 artificio
1303 458 1476 516 audiit,
1508 457 1583 506 seu

306 561 332 592 a
358 543 602 606 majoribus
634 542 818 605 accepit.
850 541 928 589 Ob
951 554 1044 590 tam
1071 559 1211 606 pauca
1241 542 1584 605 epigrammata,

307 626 470 690 quibus
514 624 737 673 convivia
783 624 1008 683 celebrat,
1044 623 1430 672 nomenclaturam
1468 623 1584 671 hanc

304 708 538 771 indeptum
574 708 658 754 effe
693 723 788 753 non
825 705 886 754 est
913 723 1028 755 vero
1058 706 1212 754 fimile‚
1249 709 1318 754 Ex
1352 705 1585 754 hodiernis

305 790 596 854 scriptoribus
629 788 922 836 Casaubonus
940 825 955 848 ‚
982 789 1099 837 Rob.
1133 788 1312 848 Titius,
1340 788 1584 848 Claudius,

304 872 650 920 Musambertius
682 871 755 919 seu
791 871 1019 919 Marcilius
1039 908 1053 930 ‚
1083 871 1248 919 iterum
1279 888 1481 936 coquum
1515 870 1587 918 in-

306 955 510 1019 digitant.
544 954 619 1002 alii
652 965 844 1017 negant3
876 968 1120 1019 natumque
1149 971 1349 1002 errorem
1379 954 1501 1002 hunc
1527 969 1586 1000 ex

307 1049 527 1100 corrupto
559 1035 802 1100 Lampridii
842 1036 1000 1085 codice
1040 1034 1327 1099 conjiciunt3
1356 1053 1490 1100 quem
1524 1037 1588 1084 ita

304 1120 493 1184 legunt:
525 1137 572 1166 ut
600 1122 820 1167 Martialis
860 1138 946 1166 coce
965 1155 979 1179 ,
1016 1136 1100 1183 pro
1143 1140 1310 1184 quoque.
1353 1120 1426 1168 Sic
1465 1119 1588 1166 enim

306 1202 448 1266 prisce
478 1201 763 1250 scribebatur.
798 1203 919 1250 unde
949 1204 1052 1252 coci
1083 1203 1158 1251 seu
1183 1201 1320 1266 coqui
1348 1219 1448 1250 vox
1470 1202 1588 1250 deri·

304 1300 410 1334 vata
439 1301 491 1332 ac
525 1285 778 1346 depravata.
809 1285 1024 1332 Mem-sius
1055 1286 1110 1332 de
1143 1286 1319 1348 gloria,
1348 1285 1589 1333 Claverius

303 1367 352 1413 in
384 1366 481 1414 vita
514 1366 677 1423 Perfii,
711 1365 976 1417 Ramirefius
1003 1367 1058 1413 ad
1085 1366 1216 1430 prim.
1251 1383 1321 1429 ep.
1351 1366 1481 1430 spe&
1503 1367 1590 1415 Sed

301 1465 392 1513 vego
429 1448 633 1505 codicem
668 1448 794 1494 illum
834 1448 1070 1511 antiquum
1104 1448 1349 1512 Lampridii
1382 1460 1588 1512 optarem

304 1529 522 1593 inspicere
539 1566 553 1589 ,
573 1533 620 1577 ὅζ
637 1530 683 1575 in
701 1546 795 1575 rem
814 1529 1072 1592 praesentem
1092 1531 1261 1578 venire.
1288 1531 1413 1592 Quid
1431 1532 1549 1578 enim
1569 1533 1591 1580 ἓ-

304 1611 353 1658 in
376 1613 460 1659 hac
481 1611 574 1659 sola
601 1628 719 1659 voce
740 1624 942 1659 errarunt
962 1612 1162 1672 librarii,
1183 1612 1232 1660 in
1258 1614 1413 1662 ceteris
1432 1631 1589 1662 emen-

304 1695 405 1741 date
438 1694 703 1757 scripserunt
724 1694 907 1742 ?'Aliud
938 1695 1026 1754 est,
1055 1696 1180 1759 quod
1214 1713 1285 1744 me
1317 1709 1509 1755 movet,
1538 1708 1589 1744 ut·

308 1793 405 1823 eam
449 1776 709 1838 scripturam
755 1776 817 1824 ita
851 1777 1082 1842 legendam
1121 1791 1308 1842 putem,
1334 1779 1463 1842 quod
1496 1778 1589 1843 ipse

306 1858 534 1905 sententiae
573 1860 690 1905 ordo
730 1859 945 1907 desideret
976 1881 1144 1924 quoque.
1192 1861 1266 1909 Sic
1299 1862 1420 1909 enim
1456 1864 1588 1909 Lam—

305 1942 506 2004 pridius:
534 1945 693 1990 Idcirco
729 1946 842 2004 quod
874 1948 995 1990 multi
1017 1944 1174 2006 septem
1212 1948 1354 1992 diebus
1386 1947 1589 2007 pulchros

307 2023 377 2087 effe
403 2028 548 2071 dicunt
575 2044 640 2072 eos
656 2061 671 2086 ,
695 2030 764 2088 qui
797 2032 968 2088 leporem
997 2030 1271 2086 comederim,
1303 2045 1351 2074 ut
1370 2031 1589 2074 Martialis

306 2126 460 2169 quoque
475 2111 727 2172 epigramma
730 2111 959 2175 fignificat.
978 2109 1256 2174 Cognoscis,
1270 2110 1434 2169 leesor,
1453 2127 1589 2173 quam

308 2203 569 2252 opportune
599 2193 723 2239 cadat
741 2192 813 2240 hic
839 2191 949 2240 illud
971 2212 1126 2256 quoque
1141 2197 1166 2240 Β
1187 2193 1460 2257 Scripturam
1477 2209 1588 2257 ergo

307 2271 496 2340 priscam
513 2273 749 2338 confirmat
765 2274 856 2339 ipsa
870 2274 999 2326 series
1017 2278 1068 2326 &
1081 2291 1207 2328 mens
1223 2275 1486 2327 verborum.
1499 2275 1588 2328 Etfi
