1716 2927
262 153 943 202 EPIGRAMMATUM
975 160 1023 206 L.
1059 161 1126 210 X.

64 260 171 325 Quid
189 277 224 308 te
241 280 331 308 vana
350 261 475 324 juvant
494 259 636 308 miserae
653 260 811 308 ludibria
829 261 990 309 chartae?

129 338 211 381 Hoc
230 334 317 398 lege
331 369 341 385 ,
360 334 462 397 quod
480 333 588 397 poffit
604 333 729 381 dicere
746 333 820 381 vita
833 369 846 389 .,
867 353 989 381 meum
1009 338 1071 383 est.

62 411 153 456 Non
174 408 232 454 hic
250 411 457 454 Centauros
471 443 484 461 ‚
503 425 580 455 non
597 411 822 473 Gorgonas,
842 409 1095 473 Harpyiasque

129 481 321 528 Invenies:
341 479 529 527 hominem
550 480 686 546 pagina
707 482 827 528 nostra
844 481 948 546 sapit.

63 555 137 601 Sed
154 574 229 601 non
247 554 300 601 vis
312 591 325 610 ‚
343 556 530 602 Mamurra
544 591 557 612 ‚
574 570 660 602 tuos
678 556 910 618 cognoscere
928 572 1051 604 mores
1065 590 1079 610 ‚

1290 502 1346 531 10

128 630 263 674 Necte
281 627 391 676 scire:
414 629 515 692 legas
531 637 645 679 αἴτιοι
664 627 896 674 Callimachi.

393 817 449 864 V.
483 819 537 863 In
555 819 799 864 maledicum
814 833 995 879 poetam,

66 929 334 1037 QursQuis
351 967 502 1016 stolaeve
518 986 737 1033 purpuraeve
755 984 971 1018 contemtor
983 1004 997 1025 ‚

63 1046 176 1104 Quos
193 1044 320 1090 colere
337 1044 473 1097 debet,
490 1043 578 1089 laefit
595 1043 710 1106 impio
728 1042 860 1089 versu:

63 1119 171 1162 Erret
189 1134 255 1180 per
273 1116 400 1162 urbem
418 1114 544 1180 pontis
564 1116 665 1162 exsul
684 1115 724 1163 δι
745 1116 859 1171 clivi,

64 1193 235 1252 Interque
253 1207 383 1235 raucos
402 1187 548 1235 ultimus
566 1204 763 1251 rogatores
862 1188 866 1190 ’

67 1264 164 1308 Oret
183 1261 327 1308 caninas
344 1260 448 1325 panis
464 1261 625 1325 improbi
643 1262 790 1308 buccas.

63 1333 123 1380 Illi
142 1333 349 1380 December
364 1333 500 1398 longus
513 1367 526 1385 ‚
544 1333 584 1379 ἃ
600 1334 750 1378 madens
768 1332 893 1378 bruma
907 1366 922 1385 ‚

65 1406 294 1470 Claususque
313 1407 437 1453 fornix
456 1406 553 1452 triste
568 1405 681 1468 frigus
697 1404 887 1452 extendat,

67 1483 193 1526 Vocet
209 1480 340 1526 beatos
358 1479 594 1541 clamitetque
613 1477 740 1524 felices
755 1512 770 1531 ‚

68 1554 268 1601 Orciniana
287 1554 349 1618 qui
367 1554 529 1600 feruntur
546 1553 581 1599 in
601 1553 765 1616 sponda:

69 1629 139 1679 Et,
157 1644 240 1673 cum
258 1627 437 1690 supremae
454 1625 514 1671 fila
531 1625 699 1672 venerint
717 1624 820 1669 horae
834 1656 849 1676 ‚

65 1701 229 1766 Diesque
247 1694 368 1748 tardus
382 1736 394 1754 ,
412 1701 541 1748 sentiat
562 1717 691 1746 canum
707 1698 808 1744 litem
820 1730 835 1749 ‚

69 1775 278 1840 Abigatque
295 1791 402 1822 moto
423 1775 552 1821 noxias
572 1791 655 1821 aves
674 1789 824 1836 panno;

68 1853 150 1897 Nec
169 1850 340 1896 finiantur
356 1865 478 1896 morte
496 1847 676 1912 fimplices
697 1862 844 1909 poenae-t

69 1924 142 1969 Sed
163 1924 280 1969 modo
299 1921 418 1968 severi
436 1922 551 1967 sectus
569 1919 670 1967 AEaci
688 1918 779 1965 loris
793 1952 807 1971 ‚

69 1999 177 2042 Nunc
195 1994 350 2058 inquieti
365 2009 494 2040 monte
511 1991 655 2056 Sisyphi
673 1990 808 2055 preffus
820 2025 834 2044 ‚

71 2071 181 2115 Nunc
198 2067 291 2114 inter
308 2065 422 2113 undas
440 2064 574 2131 garruli
593 2063 686 2110 senis
703 2063 837 2117 ficcus,

71 2141 234 2186 Delasset
253 2158 381 2186 omnes
398 2139 536 2185 fabulas
553 2151 770 2202 poetarum:

71 2217 143 2269 Et,
163 2233 243 2261 cum
264 2213 368 2260 fateri
388 2213 494 2259 Furia
511 2210 649 2272 jusserit
664 2222 823 2263 verum4

71 2288 262 2334 Prodente
277 2286 409 2334 clamet
425 2285 653 2334 conscientia
667 2319 678 2338 ,
698 2281 847 2347 Scripfi‚

1292 1631 1348 1662 10

1306 2004 1355 2047 τε
