1716 2927
115 31 163 42 “N—s

289 69 974 133 ,EPIGRAMMATUM
1010 75 1056 120 L.
1090 76 1209 122 ΧΠ.
1312 76 1397 139 183

116 171 348 223 Circumfusa
368 176 480 230 roffi,
505 175 544 223 &
565 176 666 241 nigra
685 176 865 224 recumbit
881 197 1060 235 amomo;

179 247 385 295 Dormit&
408 248 444 294 in
464 249 584 312 pluma
599 286 610 303 ,
632 268 899 313 purpureoque
919 267 1019 297 toro.

109 322 204 366 Cum
224 319 265 366 fit
281 320 315 366 ei
336 321 514 384 pulchre,
533 339 615 367 curn
631 339 701 368 tam
725 323 817 368 bene
837 321 935 368 vivat
954 323 1053 388 apud
1069 335 1133 379 te,²

176 395 235 441 Ad
257 399 407 443 Damam
427 396 554 460 potius
576 396 630 442 vis
651 414 710 443 tua
729 396 841 444 febris
860 404 949 444 eat?
1345 418 1408 447 ιο

475 583 642 628 XVIII.
679 585 727 628 A
731 586 763 629 d
781 585 1037 634 Iuvenalem.

110 704 205 790 D
209 758 275 787 υΜ
293 755 331 786 tu
350 738 500 786 forfitan
521 738 706 802 inquietus
726 757 829 786 erras

112 815 283 862 C'tamosa
300 850 310 867 ,
331 813 511 861 Iuvenalis
527 848 538 866 ‚
558 812 594 859 in
614 813 754 859 Subura
768 848 782 867 ,

111 893 186 936 Aut
209 890 346 935 collem
366 888 529 934 dominae
546 886 632 933 teris
651 888 805 932 Dianae:

113 967 213 1010 Dum
233 983 300 1028 per
318 963 444 1010 limina
466 978 502 1009 te
522 959 781 1025 potentiorum

114 1037 282 1084 Sudatrix
304 1052 393 1100 toga
410 1035 589 1091 ventilat,
610 1051 821 1099 vagumque
1373 1049 1399 1096 5

112 1110 241 1171 Major
260 1109 403 1155 Coelius
418 1144 430 1162 ‚
449 1108 489 1155 &
505 1108 626 1155 minor
645 1107 819 1172 fatigant:

112 1187 182 1230 Me
201 1184 337 1230 multos
355 1184 511 1247 repetita
529 1184 611 1247 post
630 1183 855 1231 Decembres

115 1256 275 1321 Accepit
293 1275 374 1302 mea
389 1293 402 1315 ‚
420 1257 666 1320 rusticumque
686 1258 776 1304 fecit

113 1340 218 1377 Auro
236 1330 377 1377 Bilbilis
391 1367 402 1385 ‚
422 1331 461 1377 &
482 1331 635 1392 superba
655 1331 769 1376 ferro.

113 1406 183 1452 Hic
204 1405 299 1470 pigri
323 1404 479 1453 colimus
496 1406 626 1452 labore
644 1402 746 1450 dulci
1345 1418 1401 1450 10

113 1480 317 1525 Boterdum
334 1513 344 1532 ‚
366 1479 623 1542 Plateamque:
644 1475 845 1524 Celtiberis

114 1553 206 1596 Haec
226 1551 308 1596 sunt
329 1550 482 1596 nomina
503 1549 667 1596 craffiora
686 1547 806 1595 terris.

112 1624 261 1688 Ingenti
274 1625 384 1671 'fruor
397 1659 409 1677 ‚
427 1624 678 1687 improboque
694 1624 828 1669 somno
845 1655 860 1674 .,

113 1703 238 1760 Quem
258 1718 326 1747 nec
343 1699 455 1746 tertia
469 1700 565 1763 saepe
585 1697 723 1762 rumpit
742 1697 830 1742 hora
845 1731 859 1750 ‚
1238 1744 1243 1749 ,

115 1776 160 1819 Et
179 1789 299 1820 totum
321 1773 409 1819 mihi
431 1791 524 1818 nunc
544 1789 719 1834 repono,
739 1768 921 1833 quidquid
1348 1782 1404 1828 ις,

116 1849 191 1891 Ter
217 1847 335 1891 denos
352 1843 588 1907 vigilaveram
608 1860 675 1905 per
692 1859 824 1888 annos,

115 1924 251 1983 Ignota
272 1918 322 1964 est
342 1933 451 1981 toga:
476 1916 537 1961 sed
557 1916 662 1961 datar
680 1913 824 1977 petenti

115 1997 236 2056 Rupta
255 1991 423 2056 proxima
443 1988 546 2037 vestis
564 2006 584 2034 e
604 1986 785 2033 cathedra.

115 2070 333 2128 Surgentem
350 2063 456 2108 focus
473 2061 612 2125 excipit
630 2058 785 2124 superba

116 2137 241 2184 Vicini
259 2137 350 2182 strue
367 2135 484 2182 cultus
505 2132 620 2180 iliceti
636 2168 649 2186 ‚
1348 2142 1409 2172 zo

112 2210 238 2255 Multa
255 2207 379 2254 vilfica
399 2225 508 2271 quem
527 2218 684 2252 coronat
701 2203 791 2250 olla.

120 2285 289 2328 Venator
311 2278 500 2344 sequitur;
521 2279 584 2325 sed
601 2277 665 2324 ille
680 2312 693 2332 ,
709 2293 818 2342 quem
837 2290 877 2322 tu
975 2347 1023 2392 M

1056 2363 1085 2400 4
