1716 2927
262 137 940 187 EPIGRAMMATUM
971 140 1019 186 L.
1050 140 1144 189 IX.

490 327 568 375 Xl.
603 328 657 373 In
679 326 945 373 Cantharam.

86 447 278 536 Canes
293 524 306 544 ,
326 487 512 536 Canthare
525 522 538 542 ,
556 504 640 534 cum
659 485 751 533 foris
767 485 953 534 libenter:

82 561 252 616 Clamas,
273 560 313 609 δι
327 559 514 608 maledicis
528 595 540 614 ‚
558 558 598 606 ἃ
615 558 776 606 minaris..

80 634 258 696 Deponas
276 634 418 682 animos
435 649 556 680 truces
572 666 585 686 ‚
603 648 823 679 monemus:

79 708 190 755 Liber
208 726 286 756 non
304 723 413 773 potes
426 742 440 763 ,
459 705 498 754 ἃ
518 706 667 772 gulosus
687 704 775 753 effe.

373 882 476 928 XII.
507 883 580 928 De
596 882 762 927 Earino
781 880 1041 927 Domitiani.

79 1004 165 1092 N
166 1059 288 1089 OMEN
306 1059 388 1089 cum
407 1041 519 1089 violis
531 1077 543 1096 ‚
559 1041 723 1106 rosisque
742 1057 863 1090 natum
877 1076 892 1098 ,

75 1118 172 1176 Quo
187 1135 268 1181 pars
288 1116 426 1181 optima
444 1132 673 1180 nuncupatur
688 1115 771 1162 anni
787 1137 800 1171 ;

75 1188 235 1251 Hyblam
253 1188 357 1250 quod
373 1187 489 1252 sapit,
510 1187 729 1252 Atticosque
747 1187 860 1235 flores
874 1222 887 1242 ‚

74 1260 196 1320 Quod
213 1260 319 1307 nidos
340 1261 420 1307 olet
436 1260 531 1307 alitis
550 1261 739 1324 superbae:
758 1256 761 1259 “

73 1334 229 1378 Nomen
251 1332 396 1378 neElare
414 1331 556 1377 dulcius
573 1333 685 1378 beato
700 1367 714 1387 ‚

74 1408 168 1467 Quo
187 1405 311 1453 mallet
331 1405 493 1471 Cybeles
512 1423 601 1469 puer
619 1403 777 1459 vocari‚'

74 1482 122 1526 Et
139 1480 202 1543 qui
218 1480 354 1544 pocula
371 1494 550 1543 temperat
565 1478 751 1525 Tonanti:

74 1555 196 1617 Quod
214 1554 239 1601 fi
261 1554 434 1601 Parrhasia
451 1555 557 1601 sones
575 1553 611 1599 in
628 1553 733 1607 aula,

72 1630 318 1694 Respondent
333 1633 499 1676 Veneres
512 1664 524 1682 ‚
543 1626 845 1691 Cupidinesque:

72 1705 226 1751 Nomen
247 1702 375 1750 nobile
390 1737 402 1757 ‚
420 1701 537 1748 molle
554 1737 566 1756 ‚
585 1699 781 1746 delicatum

71 1779 190 1824 versu
206 1778 330 1824 dicere
350 1794 426 1823 non
444 1776 524 1823 rudi
542 1775 735 1822 volebam:

73 1850 148 1896 Sed
165 1865 204 1896 tu
224 1849 361 1913 syllaba
380 1864 578 1895 contumax
599 1860 796 1911 repugnas.'

70 1926 211 1972 Dicunt
229 1923 391 1972 Earinon
409 1938 528 1969 tamen
548 1937 672 1985 poetae
686 1956 699 1976 ,

73 1998 147 2044 Sed
165 1997 288 2044 Graeci
304 2032 317 2052 ‚
334 1996 464 2061 quibus
483 1996 533 2041 est
551 1993 640 2040 nihil
660 2008 830 2057 negatum
844 1991 866 2047 ζ’

74 2074 120 2118 Et
134 2089 230 2135 quos
246 2075 333 2133 ἓρες
357 2080 443 2133 ἄρες
462 2069 570 2115 decet
591 2068 744 2114 sonare:

73 2145 195 2192 Nobis
219 2163 295 2191 non
312 2143 401 2190 licet
416 2144 489 2190 esse
504 2160 575 2190 tam
595 2140 735 2188 disertis
749 2177 763 2193 ,

73 2218 152 2284 Qui
169 2220 291 2267 Musas
310 2217 466 2267 colimus
483 2215 698 2264 severiores-

1286 128 1353 202 4³
