1716 2927
283 119 968 166 EPIGRAMMATUM
995 118 1134 164 LIB.
1168 119 1206 163 I.

121 227 194 272 Iam
215 223 407 288 suspendia
424 223 514 271 saeva
533 221 739 278 cogitabis:

121 299 193 342 Sed
211 297 390 360 quandam
406 296 499 344 volo
519 294 631 342 ηοᾶε
653 293 859 357 nigriorem
873 329 886 349 ,

120 372 288 415 Formica
302 404 314 420 ‚
332 368 416 432 pice
431 403 444 422 ‚
464 368 616 433 graculo
634 403 647 418 ,
667 367 791 414 cicada
804 402 816 421 ‚

121 442 159 488 Si
177 442 264 491 novi
283 443 379 490 bene
395 458 431 488 te
447 476 460 496 ,
478 440 640 488 Procille
653 475 666 495 ‚
685 440 803 488 vives.

485 597 672 673 CXVII.
705 625 781 671 De
797 629 997 674 Antulla.

126 731 284 817 Hoc
305 786 430 816 nemus
449 784 594 816 aeterno
614 767 780 815 cinerum
800 767 952 815 sacravit
971 767 1121 816 honore

189 841 340 888 Poenius
354 877 367 896 ‚
387 842 427 888 ἃ
446 842 532 888 culti
551 842 680 905 jugera
701 861 814 907 pauca
833 841 917 889 soli.

127 917 212 961 Hoc
231 915 367 980 tegitur
389 915 467 961 cito
490 931 590 978 rapta
609 915 679 961 suis
699 915 850 964 Antulla
868 915 1066 979 sepulcro:

192 990 277 1032 Hoc
294 986 364 1033 erit
383 987 544 1033 Antullae
562 986 693 1033 mixtus
710 1003 865 1050 uterque
883 1005 1028 1051 parens.

131 1061 167 1107 Si
186 1060 287 1124 cupit
305 1060 401 1106 hunc
419 1059 550 1123 aliquis
566 1096 578 1114 ‚
596 1079 738 1107 moneo
755 1096 767 1114 ‚
785 1078 833 1108 ne
850 1059 974 1124 speret
991 1060 1178 1125 agellum:

194 1138 380 1198 Perpetuo
400 1134 560 1181 dominis
581 1134 716 1181 serviet
733 1134 797 1181 iste
818 1133 902 1180 suis.

488 1320 693 1366 CXVIII.
728 1322 783 1365 In
803 1321 1038 1380 Lupercum.

50 1490 53 1493 -
138 1413 421 1501 OCCURRIS
440 1453 586 1517 quoties
601 1489 613 1507 ‚
634 1457 820 1516 Luperce‚
839 1453 969 1500 nobis:

133 1528 200 1573 Vis
220 1529 356 1574 mittam
373 1547 527 1592 puerum
544 1564 557 1582 ‚
576 1527 731 1573 subinde
751 1527 841 1574 dicis
857 1563 870 1581 ‚

137 1601 210 1646 Cui
227 1602 343 1647 tradas
363 1602 656 1666 epigrammaton
674 1600 842 1646 libellum
856 1635 869 1653 ‚

136 1672 285 1718 Le&um
306 1691 414 1736 quem
436 1672 502 1718 tibi
522 1672 691 1736 protinus
710 1671 919 1718 remittam?

138 1747 229 1793 Non
247 1747 295 1793 est
307 1782 319 1800 ‚
341 1747 444 1809 quod
464 1765 617 1810 puerum
634 1782 646 1801 ‚
664 1749 831 1809 Luperce
844 1781 855 1797 ,
871 1763 993 1792 vexes.

140 1819 313 1882 Longum
331 1818 381 1864 est
396 1853 408 1871 ‚
424 1816 449 1862 fi
468 1817 557 1864 velit
573 1817 615 1862 ad
638 1821 772 1880 Pyrum
792 1817 947 1872 venire,

143 1893 188 1936 Et
205 1891 308 1936 scalis
327 1890 453 1947 habit-o
474 1890 586 1936 tribus
602 1925 614 1943 ,
632 1891 693 1936 sed
712 1891 804 1936 altis.

143 1965 261 2023 Quod
280 1963 411 2026 quaeris
426 1999 438 2015 ‚
458 1962 612 2026 propius
633 1978 735 2026 petas
753 1961 901 2008 licebit:

146 2036 236 2100 Argi
259 2055 392 2099 nempe
413 2036 510 2083 soles·
529 2035 648 2082 subire
665 2036 790 2081 letum.

147 2113 292 2155 Contra
311 2109 464 2154 Caesaris
482 2110 530 2155 est
550 2109 672 2155 forum
691 2108 841 2154 taberna
853 2143 868 2162 .,

146 2180 298 2243 Scriptis
314 2181 478 2244 postibus
496 2180 582 2225 hinc
602 2179 642 2226 &
660 2181 743 2225 inde
760 2179 849 2226 totis
864 2213 878 2234 ‚

151 2256 293 2299 Omnes
310 2269 351 2300 ut
368 2254 445 2300 cito
464 2254 632 2318 perlegas
650 2270 796 2317 poetas.

148 2324 256 2373 Illinc
272 2344 330 2374 me
344 2342 432 2391 pete
441 2347 455 2383 3
476 2345 523 2374 ne
539 2344 651 2392 roges
668 2326 876 2373 AtreEIum:

1337 114 1396 161 61

1367 2125 1420 2154 10
