1716 2927
356 143 419 192 44
614 131 681 177 M.
717 130 876 179 VAL.
907 130 1073 176 MAR
1093 130 1364 177 TJALJs

771 306 891 353 XIII.
915 306 989 351 De
1007 307 1158 353 eodem,

360 407 433 497 St
451 446 553 495 daret
570 461 756 495 autumnus
774 446 861 493 mihi
884 464 1020 494 nomen
1034 481 1046 501 ‚
1065 458 1240 512 ὂπώρινος
1258 446 1394 494 effem:

424 521 583 568 Horrida
600 520 625 566 fi
642 522 780 567 brumae
799 519 913 567 fidera
929 556 940 574 ‚
961 532 1188 585 χειμέρινος,

360 596 487 643 Diuus
504 598 549 643 ab
570 596 696 644 aestivo
716 607 853 658 θέρινος
872 596 939 643 tibi
959 597 1082 643 mense
1101 613 1276 643 vocarer:

423 672 612 734 Tempora
629 670 686 717 cui
706 688 844 718 nomen
864 687 977 717 verna·
992 670 1131 717 dedere
1146 705 1157 725 ,
1175 669 1254 734 quis
1271 669 1321 716 est
1336 674 1353 715 ἓ

774 842 902 890 XIV.
936 845 1010 890 De
1035 846 1190 890 eodem.

364 948 569 1039 NOMEN
588 992 695 1040 habes
711 1028 722 1046 ‚
737 993 855 1041 teneri
873 994 976 1057 quod
994 1008 1163 1055 tempora
1184 1007 1371 1057 nuncupat
1390 990 1506 1045 anuh*

429 1066 522 1110 Cum
541 1066 652 1112 breve
673 1068 870 1131 Cecropiae
887 1085 951 1114 ver
966 1067 1194 1131 populantur
1212 1084 1320 1130 apes:

365 1135 516 1183 Nomen
532 1172 545 1190 ‚
565 1138 727 1184 Acidalia
747 1139 879 1185 meruit
898 1140 1001 1201 quod
1019 1137 1197 1185 arundine
1217 1137 1322 1203 pingi
1336 1174 1351 1193 ‚

431 1211 550 1270 Quod
571 1212 756 1274 Cytherea
775 1212 834 1258 sua
850 1212 1009 1258 scribere
1026 1212 1162 1275 gaudet
1179 1229 1262 1258 acu:

365 1287 517 1333 Nomen
534 1322 546 1340 ‚
566 1286 761 1350 Erythraeis
781 1288 885 1350 quod
905 1287 1011 1333 litera
1030 1287 1121 1333 fafila
1139 1285 1270 1350 lapillis
1287 1321 1300 1339 ‚

431 1362 587 1406 Gemma
604 1360 705 1423 quod
726 1359 919 1407 Heliadum
940 1360 1082 1424 pollice
1101 1358 1183 1406 trita
1202 1373 1326 1405 notet:

366 1432 486 1493 Quod
506 1451 627 1496 penna
646 1433 829 1480 scribente
845 1452 951 1498 grues
969 1435 1014 1480 ad
1032 1433 1146 1480 fidera
1166 1433 1328 1488 tollantg,

431 1507 551 1568 Quod
570 1507 679 1556 decet
695 1508 731 1555 in
752 1508 829 1555 sola
848 1508 1001 1556 Caesaris
1021 1509 1093 1556 effe
1110 1510 1241 1556 domo.

658 1683 760 1730 XV.
795 1685 849 1730 In
876 1683 1054 1729 amicum
1077 1683 1332 1741 coetzipetam.'

372 1782 562 1871 HUNC
575 1859 587 1879 ‚
606 1841 716 1888 quem
734 1841 839 1871 coena
856 1821 922 1869 tibi
938 1858 950 1875 0
972 1839 1081 1886 quem
1100 1821 1220 1869 mensa
1238 1819 1375 1886 paravit
1390 1818 1569 1876 amicum,

435 1900 518 1947 Effe
538 1915 641 1964 puta-s
659 1900 742 1945 fidae
762 1898 888 1963 peflus
908 1897 1104 1945 amicitiae?

370 1976 511 2037 Aprum
531 1987 648 2028 amat,
664 1972 704 2020 &
720 1971 855 2019 mullos
868 2007 880 2026 ‚
899 1969 938 2018 &
958 1971 1082 2018 sumen
1098 2005 1110 2024 ‚
1128 1969 1168 2016 δι
1188 1970 1328 2026 ostrea,
1347 1986 1428 2018 non
1443 1980 1494 2017 tei

437 2048 528 2092 Tam
546 2045 643 2093 bene
662 2045 687 2092 fi
706 2062 850 2092 coenem
862 2079 876 2099 ‚
895 2043 1018 2092 noster
1038 2040 1171 2090 amicus
1192 2041 1274 2089 erit.
