1716 2927
307 101 982 149 EPIGRAMMATUM
1011 107 1060 151 L.
1096 108 1186 154 XI.

962 193 993 210 Δ

111 207 194 253 Nec
212 222 317 253 motu
336 208 492 272 dignaris
513 227 608 272 opus
621 244 633 263 .,
654 227 723 254 nec
742 227 840 255 voce
857 209 984 272 juvare
999 245 1012 264 ‚

178 283 260 326 Nec
279 280 428 344 digitis:
449 297 617 346 tanquam
636 300 714 329 tura
727 317 740 335 ‚
757 299 973 346 merumque
991 302 1106 348 pares.

112 352 432 400 Masturbabantur
452 354 600 418 Phrygii
621 355 702 419 post
721 354 810 402 ostia
828 355 947 409 servi,

179 424 366 471 Ηεᾶοῐεο
386 426 533 489 quoties
553 427 695 474 sederat
715 447 810 475 uxor
827 446 942 492 equo.

115 494 161 540 Et
178 495 342 558 quamvis
361 497 486 543 Ithaco
506 499 678 545 stertente
692 535 703 552 ‚
718 497 851 563 pudica
869 499 1014 546 solebat

180 567 259 612 {llic
278 569 469 632 Penelope
489 570 633 635 semper
651 571 786 619 habere
802 590 959 618 manum.

112 641 297 687 Paedicare
319 660 449 707 negas:
473 645 580 690 dabat
599 644 673 691 hoc
695 645 874 691 Cornelia
893 646 1066 693 Graccho
1083 682 1096 700 ‚

178 715 267 761 Iulia
285 716 467 779 Pompeio
481 753 493 771 ‚
515 717 668 772 Porcia,
688 721 796 765 Brute
810 753 821 772 ‚
842 718 921 765 tibi.

114 786 248 833 Dulcia
268 789 457 835 Dardanio
477 791 641 836 nondum
660 791 834 838 miscente
853 792 1017 863 ministro

179 862 315 908 Pocula
330 897 342 915 ,
358 866 452 909 luno
472 864 541 910 fuit
560 882 630 928 pro
651 866 872 929 Ganymede
889 867 983 914 Jovi.

117 932 155 979 Si
174 948 210 979 te
225 933 383 979 delestat
402 935 554 997 gravitas
569 970 580 988 ‚
602 937 768 983 Lucretia
787 953 871 983 toto

179 1005 234 1053 sis
250 1006 338 1054 licet
355 1007 470 1071 usque
489 1008 570 1055 die:
591 1011 701 1057 Laida
719 1011 829 1059 noste
849 1012 960 1059 volo.

519 1187 618 1234 CV.
656 1191 740 1234 Ad
766 1189 998 1236 Garricum.

121 1297 399 1384 ΜῙΤΤΕΒΑς
418 1335 571 1394 libram:
591 1337 824 1405 quadrantem
839 1373 852 1391 ‚
869 1338 1023 1385 Garrice
1037 1375 1049 1394 ,
1067 1339 1191 1388 mittis.

185 1409 319 1455 Saltem
337 1408 516 1456 semissem
530 1444 543 1463 ,
562 1409 715 1456 Garrice
728 1446 740 1464 ‚
762 1411 866 1459 solve
887 1411 988 1459 mihi.

378 1600 495 1646 cvi.
529 1570 613 1644 Ad
640 1602 820 1645 Albium
847 1602 1108 1648 Maximum.

126 1711 285 1799 ΑιΒι
302 1748 468 1795 Maxime
483 1784 495 1802 ‚
514 1747 538 1794 fi
556 1748 699 1794 vacabit
714 1749 805 1795 hora
820 1783 833 1802 ‚
874 1744 877 1746 ’

121 1824 209 1868 Hoc
226 1836 362 1867 tantum
380 1820 486 1884 lege:
507 1839 663 1884 namque
677 1820 723 1866 -&
741 1836 965 1888 occupatus2

124 1895 172 1938 Et
191 1911 266 1938 non
286 1910 324 1938 es
345 1891 495 1938 nimium
513 1892 733 1938 laboriosus.

122 1964 267 2013 Tranfis
285 1965 354 2014 hos
373 1983 525 2031 quoque
547 1973 730 2030 quatuor?
746 1965 880 2030 sapisti·

1306 114 1396 171 173‘

1338 520 1396 569 ¹5

1339 882 1399 918 20'
