<?xml version="1.0" encoding="UTF-8"?>
<!DOCTYPE html PUBLIC "-//W3C//DTD XHTML 1.0 Transitional//EN"
    "http://www.w3.org/TR/xhtml1/DTD/xhtml1-transitional.dtd">
<html xmlns="http://www.w3.org/1999/xhtml" xml:lang="en" lang="en">
 <head>
  <title>
</title>
<meta http-equiv="Content-Type" content="text/html;charset=utf-8" />
  <meta name='ocr-system' content='tesseract 3.04.00' />
  <meta name='ocr-capabilities' content='ocr_page ocr_carea ocr_par ocr_line ocrx_word'/>
</head>
<body>
  <div class='ocr_page' id='page_1' title='image "./epigrammataadopt00martuoft_0231.png"; bbox 0 0 1716 2927; ppageno 0'>
   <div class='ocr_carea' id='block_1_1' title="bbox 290 129 1436 234">
    <p class='ocr_par' dir='ltr' id='par_1_1' title="bbox 290 129 1436 234">
     <span class='ocr_line' id='line_1_1' title="bbox 290 129 1436 234; baseline 0.002 -18"><span class='ocrx_word' id='word_1_1' title='bbox 290 166 970 216; x_wconf 61' lang='lat' dir='ltr'><em>EPIGRAMMATUM</em></span> <span class='ocrx_word' id='word_1_2' title='bbox 1003 159 1150 218; x_wconf 73' lang='lat' dir='ltr'><em>Z.&#39;V.</em></span> <span class='ocrx_word' id='word_1_3' title='bbox 1283 165 1368 234; x_wconf 73' lang='lat'>185</span> <span class='ocrx_word' id='word_1_4' title='bbox 1431 129 1436 132; x_wconf 29' lang='lat'>¹</span> 
     </span>
    </p>
   </div>
   <div class='ocr_carea' id='block_1_2' title="bbox 221 345 1267 408">
    <p class='ocr_par' dir='ltr' id='par_1_2' title="bbox 221 345 1267 408">
     <span class='ocr_line' id='line_1_2' title="bbox 221 345 1267 408; baseline -0.002 -15"><span class='ocrx_word' id='word_1_5' title='bbox 221 345 440 393; x_wconf 88' lang='lat' dir='ltr'><strong>XXXIV.</strong></span> <span class='ocrx_word' id='word_1_6' title='bbox 471 347 749 408; x_wconf 79' lang='lat' dir='ltr'><em>Epitaphium</em></span> <span class='ocrx_word' id='word_1_7' title='bbox 775 346 916 391; x_wconf 78' lang='lat' dir='ltr'>Erotii</span> <span class='ocrx_word' id='word_1_8' title='bbox 936 346 998 392; x_wconf 86' lang='lat' dir='ltr'>ad</span> <span class='ocrx_word' id='word_1_9' title='bbox 1019 347 1267 392; x_wconf 75' lang='lat' dir='ltr'><em>Frontonem</em></span> 
     </span>
    </p>
   </div>
   <div class='ocr_carea' id='block_1_3' title="bbox 604 449 832 496">
    <p class='ocr_par' dir='ltr' id='par_1_3' title="bbox 604 449 832 496">
     <span class='ocr_line' id='line_1_3' title="bbox 604 449 832 496; baseline 0 -16"><span class='ocrx_word' id='word_1_10' title='bbox 604 449 832 496; x_wconf 66' lang='lat' dir='ltr'>parentem.</span> 
     </span>
    </p>
   </div>
   <div class='ocr_carea' id='block_1_4' title="bbox 87 542 1375 1230">
    <p class='ocr_par' dir='ltr' id='par_1_4' title="bbox 95 542 1281 715">
     <span class='ocr_line' id='line_1_4' title="bbox 95 542 1281 645; baseline -0.005 -14"><span class='ocrx_word' id='word_1_11' title='bbox 95 542 283 631; x_wconf 55' lang='lat' dir='ltr'>Hanc</span> <span class='ocrx_word' id='word_1_12' title='bbox 302 580 392 635; x_wconf 89' lang='lat' dir='ltr'>tibi,</span> <span class='ocrx_word' id='word_1_13' title='bbox 410 585 552 628; x_wconf 79' lang='lat' dir='ltr'>Fronto</span> <span class='ocrx_word' id='word_1_14' title='bbox 570 596 675 645; x_wconf 88' lang='lat' dir='ltr'>pater</span> <span class='ocrx_word' id='word_1_15' title='bbox 689 616 701 634; x_wconf 78' lang='grc'><em>,</em></span> <span class='ocrx_word' id='word_1_16' title='bbox 722 580 883 644; x_wconf 76' lang='lat' dir='ltr'>genitrix</span> <span class='ocrx_word' id='word_1_17' title='bbox 900 578 1072 626; x_wconf 78' lang='lat' dir='ltr'>Flaccilla</span> <span class='ocrx_word' id='word_1_18' title='bbox 1090 579 1281 644; x_wconf 75' lang='lat' dir='ltr'>puellam,</span> 
     </span>
     <span class='ocr_line' id='line_1_5' title="bbox 157 652 956 715; baseline -0.005 -15"><span class='ocrx_word' id='word_1_19' title='bbox 157 653 294 700; x_wconf 86' lang='lat' dir='ltr'>Oscula</span> <span class='ocrx_word' id='word_1_20' title='bbox 309 654 533 700; x_wconf 85' lang='lat' dir='ltr'>commendo</span> <span class='ocrx_word' id='word_1_21' title='bbox 548 687 561 706; x_wconf 86' lang='lat'>‚</span> <span class='ocrx_word' id='word_1_22' title='bbox 581 652 806 715; x_wconf 79' lang='lat' dir='ltr'>deliciasque</span> <span class='ocrx_word' id='word_1_23' title='bbox 828 670 926 697; x_wconf 84' lang='lat' dir='ltr'>meas</span> <span class='ocrx_word' id='word_1_24' title='bbox 946 671 956 696; x_wconf 71' lang='grc' dir='ltr'><strong><em>ε</em></strong></span> 
     </span>
    </p>

    <p class='ocr_par' dir='ltr' id='par_1_5' title="bbox 92 725 1021 863">
     <span class='ocr_line' id='line_1_6' title="bbox 92 725 1021 791; baseline -0.001 -19"><span class='ocrx_word' id='word_1_25' title='bbox 92 727 240 772; x_wconf 87' lang='lat' dir='ltr'>Paulula</span> <span class='ocrx_word' id='word_1_26' title='bbox 259 745 304 773; x_wconf 91' lang='lat' dir='ltr'>ne</span> <span class='ocrx_word' id='word_1_27' title='bbox 322 727 443 791; x_wconf 82' lang='lat' dir='ltr'>nigras</span> <span class='ocrx_word' id='word_1_28' title='bbox 460 726 648 774; x_wconf 85' lang='lat' dir='ltr'>horrescat</span> <span class='ocrx_word' id='word_1_29' title='bbox 669 725 830 772; x_wconf 79' lang='lat' dir='ltr'>Erotion</span> <span class='ocrx_word' id='word_1_30' title='bbox 852 725 994 772; x_wconf 77' lang='lat' dir='ltr'>umbras</span> <span class='ocrx_word' id='word_1_31' title='bbox 1009 759 1021 778; x_wconf 84' lang='lat'>‚</span> 
     </span>
     <span class='ocr_line' id='line_1_7' title="bbox 156 797 865 863; baseline -0.006 -17"><span class='ocrx_word' id='word_1_32' title='bbox 156 801 310 862; x_wconf 84' lang='lat' dir='ltr'>Oraque</span> <span class='ocrx_word' id='word_1_33' title='bbox 327 798 490 846; x_wconf 84' lang='lat' dir='ltr'>Tartarei</span> <span class='ocrx_word' id='word_1_34' title='bbox 510 797 732 863; x_wconf 83' lang='lat' dir='ltr'>prodigiosa</span> <span class='ocrx_word' id='word_1_35' title='bbox 753 797 865 843; x_wconf 87' lang='lat' dir='ltr'>canis.</span> 
     </span>
    </p>

    <p class='ocr_par' dir='ltr' id='par_1_6' title="bbox 89 867 1375 994">
     <span class='ocr_line' id='line_1_8' title="bbox 89 867 1375 938; baseline -0.005 -18"><span class='ocrx_word' id='word_1_36' title='bbox 89 873 287 938; x_wconf 80' lang='lat' dir='ltr'>Impletura</span> <span class='ocrx_word' id='word_1_37' title='bbox 307 873 375 919; x_wconf 84' lang='lat' dir='ltr'>fuit</span> <span class='ocrx_word' id='word_1_38' title='bbox 395 874 504 920; x_wconf 86' lang='lat' dir='ltr'>sextae</span> <span class='ocrx_word' id='word_1_39' title='bbox 522 873 638 919; x_wconf 90' lang='lat' dir='ltr'>modo</span> <span class='ocrx_word' id='word_1_40' title='bbox 657 867 980 935; x_wconf 51' lang='lat' dir='ltr'>frigora&#39;bruman</span> <span class='ocrx_word' id='word_1_41' title='bbox 1354 885 1375 930; x_wconf 72' lang='grc' dir='ltr'><strong>ς</strong></span> 
     </span>
     <span class='ocr_line' id='line_1_9' title="bbox 153 943 874 994; baseline -0.003 -3"><span class='ocrx_word' id='word_1_42' title='bbox 153 945 309 993; x_wconf 84' lang='lat' dir='ltr'>Vixiffet</span> <span class='ocrx_word' id='word_1_43' title='bbox 327 947 488 994; x_wconf 87' lang='lat' dir='ltr'>totidem</span> <span class='ocrx_word' id='word_1_44' title='bbox 507 946 542 992; x_wconf 91' lang='lat' dir='ltr'>ni</span> <span class='ocrx_word' id='word_1_45' title='bbox 563 946 682 992; x_wconf 85' lang='lat' dir='ltr'>minus</span> <span class='ocrx_word' id='word_1_46' title='bbox 702 944 765 990; x_wconf 86' lang='lat' dir='ltr'>illa</span> <span class='ocrx_word' id='word_1_47' title='bbox 783 943 874 990; x_wconf 83' lang='lat' dir='ltr'>dies.</span> 
     </span>
    </p>

    <p class='ocr_par' dir='ltr' id='par_1_7' title="bbox 91 1018 941 1156">
     <span class='ocr_line' id='line_1_10' title="bbox 91 1018 941 1081; baseline -0.004 -16"><span class='ocrx_word' id='word_1_48' title='bbox 91 1023 190 1067; x_wconf 74' lang='lat' dir='ltr'>Inter</span> <span class='ocrx_word' id='word_1_49' title='bbox 208 1036 278 1066; x_wconf 86' lang='lat' dir='ltr'>tam</span> <span class='ocrx_word' id='word_1_50' title='bbox 297 1037 440 1067; x_wconf 83' lang='lat' dir='ltr'>veteres</span> <span class='ocrx_word' id='word_1_51' title='bbox 459 1020 559 1065; x_wconf 86' lang='lat' dir='ltr'>ludat</span> <span class='ocrx_word' id='word_1_52' title='bbox 580 1018 712 1067; x_wconf 77' lang='lat' dir='ltr'>lasciva</span> <span class='ocrx_word' id='word_1_53' title='bbox 730 1032 915 1081; x_wconf 72' lang='lat' dir='ltr'>patronos</span> <span class='ocrx_word' id='word_1_54' title='bbox 927 1051 941 1070; x_wconf 86' lang='lat'><strong>‚</strong></span> 
     </span>
     <span class='ocr_line' id='line_1_11' title="bbox 155 1091 883 1156; baseline -0.004 -18"><span class='ocrx_word' id='word_1_55' title='bbox 155 1095 202 1139; x_wconf 91' lang='lat' dir='ltr'>Et</span> <span class='ocrx_word' id='word_1_56' title='bbox 220 1111 359 1140; x_wconf 90' lang='lat' dir='ltr'>nomen</span> <span class='ocrx_word' id='word_1_57' title='bbox 378 1093 491 1139; x_wconf 85' lang='lat' dir='ltr'>blaeso</span> <span class='ocrx_word' id='word_1_58' title='bbox 512 1091 644 1156; x_wconf 81' lang='lat' dir='ltr'>garriat</span> <span class='ocrx_word' id='word_1_59' title='bbox 663 1109 730 1137; x_wconf 89' lang='lat' dir='ltr'>ore</span> <span class='ocrx_word' id='word_1_60' title='bbox 749 1108 883 1136; x_wconf 86' lang='lat' dir='ltr'>meum.</span> 
     </span>
    </p>

    <p class='ocr_par' dir='ltr' id='par_1_8' title="bbox 87 1162 1044 1230">
     <span class='ocr_line' id='line_1_12' title="bbox 87 1162 1044 1230; baseline -0.004 -19"><span class='ocrx_word' id='word_1_61' title='bbox 87 1165 227 1217; x_wconf 85' lang='lat' dir='ltr'>Mollia</span> <span class='ocrx_word' id='word_1_62' title='bbox 244 1184 312 1212; x_wconf 90' lang='lat' dir='ltr'>nec</span> <span class='ocrx_word' id='word_1_63' title='bbox 330 1164 467 1230; x_wconf 83' lang='lat' dir='ltr'>rigidus</span> <span class='ocrx_word' id='word_1_64' title='bbox 486 1165 613 1228; x_wconf 82' lang='lat' dir='ltr'>cespes</span> <span class='ocrx_word' id='word_1_65' title='bbox 633 1179 734 1228; x_wconf 80' lang='lat' dir='ltr'>tegat</span> <span class='ocrx_word' id='word_1_66' title='bbox 753 1163 826 1209; x_wconf 81' lang='lat' dir='ltr'>offa</span> <span class='ocrx_word' id='word_1_67' title='bbox 840 1199 853 1216; x_wconf 82' lang='lat'>‚</span> <span class='ocrx_word' id='word_1_68' title='bbox 872 1181 942 1209; x_wconf 90' lang='lat' dir='ltr'>nec</span> <span class='ocrx_word' id='word_1_69' title='bbox 959 1162 1012 1210; x_wconf 85' lang='lat' dir='ltr'>illi</span> <span class='ocrx_word' id='word_1_70' title='bbox 1027 1198 1044 1217; x_wconf 79' lang='lat'><em>‚</em></span> 
     </span>
    </p>
   </div>
   <div class='ocr_carea' id='block_1_5' title="bbox 151 1237 1378 1306">
    <p class='ocr_par' dir='ltr' id='par_1_9' title="bbox 151 1237 1378 1306">
     <span class='ocr_line' id='line_1_13' title="bbox 151 1237 1378 1306; baseline -0.006 -16"><span class='ocrx_word' id='word_1_71' title='bbox 151 1243 267 1290; x_wconf 81' lang='lat' dir='ltr'>Terra</span> <span class='ocrx_word' id='word_1_72' title='bbox 281 1276 294 1296; x_wconf 84' lang='lat'>‚</span> <span class='ocrx_word' id='word_1_73' title='bbox 313 1241 434 1306; x_wconf 80' lang='lat' dir='ltr'>gravis</span> <span class='ocrx_word' id='word_1_74' title='bbox 451 1240 560 1288; x_wconf 81' lang='lat' dir='ltr'>fueris</span> <span class='ocrx_word' id='word_1_75' title='bbox 577 1261 586 1286; x_wconf 88' lang='lat'>:</span> <span class='ocrx_word' id='word_1_76' title='bbox 604 1259 682 1287; x_wconf 93' lang='lat' dir='ltr'>non</span> <span class='ocrx_word' id='word_1_77' title='bbox 701 1238 770 1286; x_wconf 82' lang='lat' dir='ltr'>fuit</span> <span class='ocrx_word' id='word_1_78' title='bbox 789 1239 852 1285; x_wconf 85' lang='lat' dir='ltr'>illa</span> <span class='ocrx_word' id='word_1_79' title='bbox 865 1237 944 1285; x_wconf 85' lang='lat' dir='ltr'>tibi.</span> <span class='ocrx_word' id='word_1_80' title='bbox 1322 1253 1342 1284; x_wconf 83' lang='lat'>1</span> <span class='ocrx_word' id='word_1_81' title='bbox 1352 1253 1378 1283; x_wconf 82' lang='lat' dir='ltr'>o</span> 
     </span>
    </p>
   </div>
   <div class='ocr_carea' id='block_1_6' title="bbox 475 1427 994 1475">
    <p class='ocr_par' dir='ltr' id='par_1_10' title="bbox 475 1427 994 1475">
     <span class='ocr_line' id='line_1_14' title="bbox 475 1427 994 1475; baseline -0.008 -1"><span class='ocrx_word' id='word_1_82' title='bbox 475 1427 672 1475; x_wconf 87' lang='lat' dir='ltr'>XXXV.</span> <span class='ocrx_word' id='word_1_83' title='bbox 707 1429 781 1473; x_wconf 84' lang='lat' dir='ltr'>De</span> <span class='ocrx_word' id='word_1_84' title='bbox 803 1428 994 1472; x_wconf 70' lang='lat' dir='ltr'>Euclide,</span> 
     </span>
    </p>
   </div>
   <div class='ocr_carea' id='block_1_7' title="bbox 90 1543 919 1629">
    <p class='ocr_par' dir='ltr' id='par_1_11' title="bbox 90 1543 919 1629">
     <span class='ocr_line' id='line_1_15' title="bbox 90 1543 919 1629; baseline -0.013 0"><span class='ocrx_word' id='word_1_85' title='bbox 90 1543 183 1629; x_wconf 87' lang='lat' dir='ltr'>D</span> <span class='ocrx_word' id='word_1_86' title='bbox 187 1596 256 1626; x_wconf 85' lang='lat' dir='ltr'>UM</span> <span class='ocrx_word' id='word_1_87' title='bbox 273 1576 336 1624; x_wconf 85' lang='lat' dir='ltr'>fibi</span> <span class='ocrx_word' id='word_1_88' title='bbox 353 1574 474 1623; x_wconf 88' lang='lat' dir='ltr'>redire</span> <span class='ocrx_word' id='word_1_89' title='bbox 490 1575 537 1621; x_wconf 89' lang='lat' dir='ltr'>de</span> <span class='ocrx_word' id='word_1_90' title='bbox 554 1573 778 1623; x_wconf 75' lang='lat' dir='ltr'>Patrensibus</span> <span class='ocrx_word' id='word_1_91' title='bbox 795 1572 919 1620; x_wconf 84' lang='lat' dir='ltr'>fundis</span> 
     </span>
    </p>
   </div>
   <div class='ocr_carea' id='block_1_8' title="bbox 77 1647 1374 2149">
    <p class='ocr_par' dir='ltr' id='par_1_12' title="bbox 89 1647 838 1707">
     <span class='ocr_line' id='line_1_16' title="bbox 89 1647 838 1707; baseline -0.008 -9"><span class='ocrx_word' id='word_1_92' title='bbox 89 1655 244 1698; x_wconf 81' lang='lat' dir='ltr'>Ducena</span> <span class='ocrx_word' id='word_1_93' title='bbox 263 1651 392 1698; x_wconf 83' lang='lat' dir='ltr'>clamat</span> <span class='ocrx_word' id='word_1_94' title='bbox 408 1647 619 1696; x_wconf 72' lang='lat' dir='ltr'>coccinatus</span> <span class='ocrx_word' id='word_1_95' title='bbox 637 1648 810 1707; x_wconf 70' lang='lat' dir='ltr'>Euclides</span> <span class='ocrx_word' id='word_1_96' title='bbox 825 1681 838 1700; x_wconf 93' lang='lat'><strong>‚</strong></span> 
     </span>
    </p>

    <p class='ocr_par' dir='ltr' id='par_1_13' title="bbox 90 1720 814 1785">
     <span class='ocr_line' id='line_1_17' title="bbox 90 1720 814 1785; baseline -0.004 -17"><span class='ocrx_word' id='word_1_97' title='bbox 90 1721 372 1785; x_wconf 84' lang='lat' dir='ltr'>Corinthioque</span> <span class='ocrx_word' id='word_1_98' title='bbox 388 1721 489 1784; x_wconf 63' lang='lat' dir='ltr'>plura</span> <span class='ocrx_word' id='word_1_99' title='bbox 506 1721 555 1766; x_wconf 87' lang='lat' dir='ltr'>de</span> <span class='ocrx_word' id='word_1_100' title='bbox 574 1720 786 1766; x_wconf 82' lang='lat' dir='ltr'>suburbano</span> <span class='ocrx_word' id='word_1_101' title='bbox 802 1740 814 1772; x_wconf 82' lang='lat'>3</span> 
     </span>
    </p>

    <p class='ocr_par' dir='ltr' id='par_1_14' title="bbox 89 1789 1001 1857">
     <span class='ocr_line' id='line_1_18' title="bbox 89 1789 1001 1857; baseline -0.003 -18"><span class='ocrx_word' id='word_1_102' title='bbox 89 1797 336 1857; x_wconf 79' lang='lat' dir='ltr'>Longumque</span> <span class='ocrx_word' id='word_1_103' title='bbox 355 1791 506 1855; x_wconf 84' lang='lat' dir='ltr'>pulchra</span> <span class='ocrx_word' id='word_1_104' title='bbox 524 1792 670 1837; x_wconf 84' lang='lat' dir='ltr'>stemma</span> <span class='ocrx_word' id='word_1_105' title='bbox 688 1791 822 1854; x_wconf 86' lang='lat' dir='ltr'>repetit</span> <span class='ocrx_word' id='word_1_106' title='bbox 837 1810 857 1837; x_wconf 92' lang='lat' dir='ltr'>a</span> <span class='ocrx_word' id='word_1_107' title='bbox 875 1789 974 1837; x_wconf 81' lang='lat' dir='ltr'>Leda</span> <span class='ocrx_word' id='word_1_108' title='bbox 988 1824 1001 1844; x_wconf 81' lang='lat'>‚</span> 
     </span>
    </p>

    <p class='ocr_par' dir='ltr' id='par_1_15' title="bbox 90 1863 1374 2000">
     <span class='ocr_line' id='line_1_19' title="bbox 90 1863 1374 1920; baseline -0.009 -8"><span class='ocrx_word' id='word_1_109' title='bbox 90 1869 138 1911; x_wconf 88' lang='lat' dir='ltr'>Et</span> <span class='ocrx_word' id='word_1_110' title='bbox 157 1865 336 1912; x_wconf 82' lang='lat' dir='ltr'>suscitanti</span> <span class='ocrx_word' id='word_1_111' title='bbox 356 1865 482 1911; x_wconf 71' lang='lat' dir='ltr'>Leffio</span> <span class='ocrx_word' id='word_1_112' title='bbox 504 1863 722 1909; x_wconf 58' lang='lat' dir='ltr'>relufilaturz</span> <span class='ocrx_word' id='word_1_113' title='bbox 1352 1876 1374 1920; x_wconf 59' lang='grc' dir='ltr'><strong>ς</strong></span> 
     </span>
     <span class='ocr_line' id='line_1_20' title="bbox 91 1934 823 2000; baseline -0.004 -17"><span class='ocrx_word' id='word_1_114' title='bbox 91 1937 220 2000; x_wconf 81' lang='lat' dir='ltr'>Equiti</span> <span class='ocrx_word' id='word_1_115' title='bbox 240 1937 400 2000; x_wconf 86' lang='lat' dir='ltr'>superbo</span> <span class='ocrx_word' id='word_1_116' title='bbox 414 1971 426 1990; x_wconf 91' lang='lat'>‚</span> <span class='ocrx_word' id='word_1_117' title='bbox 447 1934 595 1989; x_wconf 88' lang='lat' dir='ltr'>nobili,</span> <span class='ocrx_word' id='word_1_118' title='bbox 613 1934 823 1999; x_wconf 88' lang='lat' dir='ltr'>locupleti,</span> 
     </span>
    </p>

    <p class='ocr_par' dir='ltr' id='par_1_16' title="bbox 91 2006 865 2074">
     <span class='ocr_line' id='line_1_21' title="bbox 91 2006 865 2074; baseline -0.001 -18"><span class='ocrx_word' id='word_1_119' title='bbox 91 2009 237 2056; x_wconf 90' lang='lat' dir='ltr'>Cecidit</span> <span class='ocrx_word' id='word_1_120' title='bbox 255 2025 410 2074; x_wconf 87' lang='lat' dir='ltr'>repente</span> <span class='ocrx_word' id='word_1_121' title='bbox 427 2027 557 2073; x_wconf 86' lang='lat' dir='ltr'>magna</span> <span class='ocrx_word' id='word_1_122' title='bbox 576 2008 623 2054; x_wconf 91' lang='lat' dir='ltr'>de</span> <span class='ocrx_word' id='word_1_123' title='bbox 639 2006 717 2053; x_wconf 88' lang='lat' dir='ltr'>finu</span> <span class='ocrx_word' id='word_1_124' title='bbox 739 2007 865 2055; x_wconf 83' lang='lat' dir='ltr'>clavis.</span> 
     </span>
    </p>

    <p class='ocr_par' dir='ltr' id='par_1_17' title="bbox 77 2080 921 2149">
     <span class='ocr_line' id='line_1_22' title="bbox 77 2080 921 2149; baseline -0.002 -20"><span class='ocrx_word' id='word_1_125' title='bbox 77 2083 289 2149; x_wconf 49' lang='lat' dir='ltr'>*Nunquam</span> <span class='ocrx_word' id='word_1_126' title='bbox 302 2118 315 2139; x_wconf 82' lang='lat'>,</span> <span class='ocrx_word' id='word_1_127' title='bbox 334 2082 487 2131; x_wconf 82' lang='lat' dir='ltr'>Fabulle</span> <span class='ocrx_word' id='word_1_128' title='bbox 502 2116 517 2149; x_wconf 78' lang='lat'><em>2</em></span> <span class='ocrx_word' id='word_1_129' title='bbox 535 2081 694 2146; x_wconf 82' lang='lat' dir='ltr'>nequior</span> <span class='ocrx_word' id='word_1_130' title='bbox 712 2080 779 2129; x_wconf 83' lang='lat' dir='ltr'>fuit</span> <span class='ocrx_word' id='word_1_131' title='bbox 797 2081 921 2133; x_wconf 76' lang='lat' dir='ltr'>clavis,</span> 
     </span>
    </p>
   </div>
  </div>
 </body>
</html>
