1716 2927
256 133 918 183 EPIGRAMMATUM
949 138 1000 184 L.
1034 136 1123 186 IX.

55 240 214 289 Illaesum
235 241 409 304 juvenem
431 241 576 289 remitte
595 240 707 288 votis.

51 314 116 361 Sic
133 314 261 361 Martis
280 316 345 362 tibi
367 316 519 363 serviant
541 316 748 372 Kalendae,

53 387 103 431 Et
123 403 205 432 cum
226 403 306 433 ture
321 423 334 441 ,
352 406 533 451 meroque
550 425 562 443 ‚
578 387 799 453 vifflmaque

53 458 204 506 Libetur
223 461 289 507 tibi
308 462 475 508 candidas
493 462 539 508 ad
557 480 634 508 aras

53 531 158 579 Secta
177 532 332 596 plurima
354 534 492 598 quadra
510 534 556 580 de
573 534 756 599 placenta.

341 711 487 758 XCII,
521 713 741 759 Adulatur
757 712 1032 760 Domitiano.

58 819 181 910 AD
199 877 339 907 coenam
357 860 381 906 fi
399 878 457 907 me
475 859 614 907 diversa
633 874 786 908 vocaret
801 858 838 906 in
858 860 944 907 astra

123 932 220 979 Hinc
240 932 416 979 invitator
435 932 587 979 Caesaris
602 968 613 987 ‚
633 933 722 979 inde
741 933 863 980 lovis:

56 1004 161 1050 Astra
179 1004 268 1051 licet
285 1003 436 1068 propius
452 1039 465 1057 .,
484 1004 631 1052 Pallatia
653 1004 807 1069 longius
825 1005 963 1058 essent,

121 1081 309 1144 Responsa
328 1081 371 1126 ad
389 1079 544 1144 superos
561 1080 641 1126 haec
660 1081 851 1127 referenda
870 1081 1015 1127 darem:

55 1155 227 1217 Quaerite
242 1189 254 1206 .,
274 1154 338 1217 qui
356 1155 455 1201 malit
472 1154 552 1201 fieri
571 1156 729 1203 conviva
748 1156 928 1202 Tonantis
944 1177 957 1211 ;

124 1229 194 1273 Me
208 1244 311 1273 meus
325 1227 363 1273 in
383 1228 486 1274 terris
503 1228 643 1291 Jupiter
656 1264 668 1283 ‚
686 1247 775 1276 ecce
789 1264 800 1283 ‚
820 1244 934 1275 tenet.

412 1412 571 1460 XCIII.
608 1416 691 1460 Ad
709 1416 960 1475 Condylum.

61 1512 228 1619 QUAE
245 1549 336 1596 mala
351 1548 421 1595 fint
438 1549 603 1605 domini,
619 1564 704 1615 quae
722 1550 814 1598 servi
833 1551 1032 1599 commoda
1050 1552 1191 1610 nescis‚‘

126 1623 307 1686 Condyle
320 1658 333 1678 ‚
349 1623 412 1687 qui
430 1624 568 1671 servum
588 1641 623 1671 te
644 1624 758 1690 gemis
776 1625 848 1671 effe
869 1625 942 1672 diu.

59 1699 133 1742 Dat
152 1695 218 1742 tibi
237 1697 385 1743 securos
408 1696 490 1744 vilis
512 1698 709 1761 tegeticula
729 1698 902 1745 somnos:

126 1769 288 1833 Pervigil
304 1769 340 1815 in
360 1769 484 1833 pluma
502 1773 612 1817 Ca'l'us
627 1807 641 1830 ,
660 1791 748 1818 ecce
762 1807 774 1823 ,
795 1773 904 1834 jacet.

61 1845 175 1890 Ca'r'us
195 1862 213 1889 a
230 1842 345 1906 prima
365 1844 626 1891 tremebundus
649 1846 732 1891 lnce
752 1845 882 1892 salutat

124 1921 203 1963 Tot
220 1916 395 1962 dominos
412 1937 420 1961 ε
439 1933 475 1963 at
495 1934 531 1964 tu
546 1953 558 1971 ‚
577 1920 755 1982 Condyle
769 1955 782 1972 ‚
802 1938 869 1965 nec
884 1920 1090 1967 dominum.

61 1992 181 2054 Quod
199 1991 311 2036 debes
325 2025 338 2043 ‚
357 1992 450 2044 cat,
468 1992 582 2039 redde
596 2027 608 2045 ‚
631 1991 752 2056 inquit
772 1992 927 2039 Phoebus
940 2030 953 2047 ‚
971 1993 1011 2040 &
1032 1994 1135 2041 illinc

128 2065 353 2112 Cinnamus:
374 2064 448 2111 hoc
466 2064 584 2119 dicit,
601 2066 781 2130 Condyle
795 2101 806 2119 ‚
824 2084 934 2112 nemo
954 2066 1032 2113 tibi.

62 2140 265 2184 Tortorem
285 2136 442 2183 metuis?
461 2137 627 2202 podagra
643 2174 656 2193 ,
676 2139 923 2204 cheragraque
940 2139 1082 2187 secatur

131 2212 269 2264 Ca'iu53
287 2209 327 2256 ὅ(
343 2209 465 2256 mallet
482 2211 632 2257 verbera
651 2211 752 2258 mille
767 2211 854 2275 pati.

65 2283 187 2344 Quod
207 2301 273 2329 nec
290 2301 396 2329 mane
412 2282 530 2329 vomis
544 2319 557 2337 ‚
577 2302 646 2331 nec
668 2303 848 2340 cunnum,
866 2287 1046 2355 Condyle
1059 2322 1072 2344 ‚
1089 2285 1200 2352 lingis
1214 2320 1227 2341 ‚

133 2357 220 2401 Non
238 2355 351 2403 mavis
366 2390 378 2411 ‚
397 2373 504 2419 quam
524 2373 579 2405 ter
598 2360 708 2405 Caius
725 2359 798 2406 effe
815 2366 923 2406 tuus?

1277 150 1344 200 77

1283 335 1332 381 ¹5

1286 2230 1343 2259 10
