1716 2927
237 128 917 179 EPIGRAMMATUM
946 133 994 179 L.
1035 138 1141 184 VII.

416 314 618 362 XXXII.
653 318 735 362 Ad
751 318 956 364 Atticum.

63 434 278 521 Αττιεε
292 508 304 526 ,
321 472 486 519 facundae
505 491 663 520 renovas
681 473 743 538 qui
764 473 914 520 nomina
933 473 1081 539 gentis,

123 549 204 592 Nec
223 545 306 592 finis
327 546 516 610 ingentem
537 547 755 594 conticuisse
773 549 948 594 domum:

57 622 114 667 Te
132 622 191 685 pia
213 621 410 685 Cecropiae
430 620 623 668 comitatur
642 622 746 668 turba
764 623 947 671 Minervae
964 660 976 679 ,

125 697 181 740 Te
199 695 333 741 secreta
351 694 452 758 quies
467 729 478 744 ,
497 710 533 740 te
550 694 690 758 sophos
710 696 830 742 omnis
849 713 959 746 amat.

63 771 111 812 At
128 768 282 829 juvenes
300 767 393 814 alios
411 767 518 813 fra&
536 767 630 813 colit
648 785 734 814 aure
754 768 924 832 magister
937 805 949 824 ‚

128 843 172 887 Et
191 842 285 906 rapit
305 841 501 888 immeritas
520 840 688 887 sordidus
709 841 842 887 un&or
861 859 965 905 opes.

59 916 150 961 Non
168 916 241 979 pila
255 952 268 975 ,
291 934 366 961 non
386 915 512 968 follis,
533 933 608 961 non
631 930 666 960 te
690 913 864 978 paganica
882 913 1030 962 thermis

128 991 306 1052 Praeparat
320 1023 332 1042 ‚
349 1005 409 1034 aut
426 987 512 1033 nudi
529 987 656 1051 stipitis
674 987 762 1033 mus
781 987 917 1032 hebes:

62 1059 156 1104 Vara
174 1076 243 1104 nec
260 1058 401 1119 inje&o
422 1075 610 1104 ceromate
628 1057 772 1103 brachia
791 1057 906 1103 tendis
922 1077 935 1111 ;

128 1134 218 1178 Non
240 1131 400 1196 harpasta
418 1150 528 1196 vagus
548 1131 803 1194 pulverulenta
823 1131 939 1195 rapis:

62 1202 135 1249 Sed
154 1204 266 1250 curris
284 1205 404 1251 niveas
425 1221 561 1252 tantum
583 1225 705 1271 prope
723 1206 884 1271 Virginis
902 1207 1015 1254 undas
1027 1243 1039 1262 ,

129 1281 205 1322 Aut
224 1276 287 1322 ubi
306 1278 466 1325 Sidonio
485 1295 607 1324 taurus
626 1298 752 1326 amore
770 1281 877 1325 calet.

65 1354 133 1397 Per
148 1351 259 1398 varias
276 1367 371 1397 artes
385 1387 396 1405 ‚
415 1351 534 1398 omnis
554 1352 684 1414 quibus
701 1371 783 1398 area
802 1352 937 1406 servit,

129 1424 294 1479 Ludere,
313 1443 395 1471 cum
413 1424 523 1471 liceat
543 1443 688 1472 currere
700 1460 712 1480 ‚
729 1425 876 1490 pigritia
895 1427 958 1473 est.

427 1613 639 1660 XXXIII.
672 1616 726 1660 Jtz
756 1616 949 1661 Cinnam.

70 1725 346 1817 SORDIDIOR
363 1789 475 1817 coeno
494 1789 576 1817 cum
593 1771 636 1817 fit
653 1787 765 1834 toga,
782 1772 924 1818 calceus
940 1786 1060 1819 autem

135 1843 341 1889 Candidior
359 1844 473 1907 prima
492 1843 534 1890 fit
553 1844 617 1890 tibi
635 1879 648 1896 ‚
669 1845 785 1890 Cinna
801 1881 813 1898 ‚
834 1845 942 1897 nive;

70 1914 231 1976 DejeRO
253 1915 341 1978 quid
355 1949 366 1968 ‚
386 1915 512 1979 inepte
526 1951 538 1970 .,
557 1915 673 1979 pedes
692 1915 881 1979 perfundis
898 1915 1027 1961 εῐηῐξὶι]
1045 1922 1059 1960 ἓ

139 1990 292 2053 Collige
308 2026 321 2046 ‚
339 1990 460 2038 Cinna
476 2026 487 2046 ,
507 2008 632 2055 togam
644 2011 657 2046 3
679 1991 822 2039 calceus
847 2009 934 2038 ecce
954 1991 1061 2053 perit.

1245 150 1343 201 255·

1293 1157 1348 1184 10
