1716 2927
252 137 925 184 EPIGRAMMATUM
959 143 1006 188 L.
1042 144 1132 191 IX.

54 242 156 288 Dum
174 259 267 304 puer
286 260 324 288 es
337 277 350 296 ‚
372 242 499 288 redeas
514 277 526 296 ‚
543 242 629 288 dum
651 243 770 289 vultus
789 243 975 300 lubricus3
994 246 1034 293 &
1055 263 1090 294 te

125 318 216 362 Non
238 316 354 380 Libye
374 317 505 370 faciat,
525 317 586 364 sed
607 335 665 364 rua
686 322 803 368 Roma
820 318 949 368 virum.

441 503 595 550 LVIII.
633 503 688 549 In
707 505 936 565 Hedylum.

56 603 187 691 Nn
208 643 257 689 est
277 643 394 691 tritius
411 644 548 708 Hedyli
571 645 726 692 lacernis
740 682 753 700 ‚

59 716 149 761 Non
169 716 263 762 ansae
286 734 451 764 veterum
472 717 757 765 Corinthiorum
772 754 785 772 ‚

55 793 137 838 Nec
157 810 238 838 crus
257 791 441 855 compede
461 790 641 837 lubricum
659 789 846 846 decenni,v

55 865 144 910 Non
162 879 278 928 ruptae
295 862 448 909 recutita
470 863 569 909 colla
589 862 698 908 mulae
714 897 726 916 ‚

53 936 137 981 Nec
155 954 236 999 quae
256 935 464 981 Flaminiam
485 934 609 980 secant
628 934 803 989 salebrae,

53 1009 136 1054 Nec
157 1009 217 1072 qni
239 1009 404 1056 litoribus
427 1008 544 1054 nitent
563 1006 710 1071 lapilli,

51 1081 134 1125 Nec
153 1081 269 1127 Tusca
289 1081 369 1144 ligo
387 1081 491 1128 vinea
512 1079 651 1143 politus
665 1115 676 1133 ‚

54 1154 136 1198 Nec
155 1154 295 1217 pallens
315 1171 402 1218 toga
419 1153 556 1199 mortui
577 1151 717 1198 tribulis
732 1187 744 1206 ‚

52 1226 136 1271 Nec
153 1226 248 1290 pigri
271 1243 352 1272 rota
370 1227 490 1290 quassa
509 1224 686 1273 mulionis
699 1260 711 1278 ‚

51 1301 134 1345 Nec
153 1300 267 1346 rasum
290 1319 398 1346 cavea
418 1302 509 1346 latus
527 1299 682 1346 bisontis
695 1335 709 1354 ‚

49 1375 132 1419 Nec
151 1374 241 1420 dens
259 1375 328 1433 iarn
349 1374 472 1422 senior
488 1373 624 1421 ferocir
641 1373 736 1438 apri:

51 1447 124 1492 Res
145 1465 214 1492 nna
235 1446 284 1492 est
303 1463 422 1492 tamen
440 1482 452 1501 ‚
473 1445 551 1510 ipse
572 1465 647 1492 non
669 1445 845 1511 negabit,

53 1520 169 1565 Culus
189 1518 311 1566 tritior
331 1519 467 1584 Hedyli
488 1519 655 1567 lacernis.

341 1699 459 1745 LIX.
499 1701 578 1744 Ad
598 1699 845 1758 Nymplzam
866 1699 1033 1744 Sabini.

56 1811 300 1897 NYMPHA
318 1847 406 1894 sacri
426 1847 552 1911 regina
574 1848 673 1894 lacus
687 1883 697 1899 ,
716 1846 773 1892 cui
794 1862 890 1910 grata
910 1848 1060 1894 Sabinus
1076 1882 1088 1894 .

121 1923 164 1965 Et
183 1919 344 1964 mansura
368 1920 432 1982 pio
453 1937 603 1965 munere
623 1919 758 1979 templa
775 1918 897 1964 dedit:

51 1992 111 2038 Sic
128 2009 300 2038 montana
319 2008 401 2038 tuos
418 1992 559 2055 semper
577 1992 675 2037 colat
694 1991 844 2037 Umbria
863 1990 1008 2044 fontem,

119 2067 200 2110 Nec
222 2082 279 2109 rua
302 2065 449 2125 Bajanas
468 2064 601 2110 Sarsina
622 2063 722 2109 malit
740 2081 869 2126 aquas:

53 2137 195 2200 Excipe
213 2137 394 2184 sollicitos
415 2136 558 2200 placide
572 2171 584 2188 ‚
601 2154 680 2181 mea
699 2135 798 2181 dona
813 2170 826 2188 ‚
846 2134 1019 2180 libellos:

116 2214 174 2256 Tu
191 2211 300 2256 fueris
319 2210 431 2256 Mufis
456 2210 590 2273 Pegasis
610 2211 704 2255 unda
724 2208 826 2254 meis.

50 2283 305 2347 Nympharum
324 2283 468 2346 templis
488 2282 648 2345 quisquis
670 2281 729 2326 sua
746 2280 900 2327 carmina
917 2281 1032 2328 donat
1045 2316 1056 2333 ,

119 2355 220 2415 Quid
238 2350 316 2401 fieri
333 2353 434 2400 libris
453 2354 585 2400 debeat
600 2387 612 2403 ,
633 2352 710 2417 ipse
732 2367 872 2399 monet.

1271 141 1338 207 63

1278 1319 1335 1348 10
