1716 2927
251 141 930 196 EPIGRAMMATUM
963 150 1008 196 L.
1040 153 1104 200 Χ.

76 253 114 301 O
133 271 259 302 nemus
275 291 288 311 ‚
306 277 330 304 o
350 258 474 305 fontes
488 294 501 314 ‚
519 257 751 322 solidumque
768 259 944 305 madentis
961 278 1080 307 arenae

142 328 241 374 Litus
256 365 268 384 ‚
287 330 326 377 ἃ
344 330 527 394 aequoreis
545 331 756 395 splendidus
777 335 903 378 Anxur
920 331 1023 395 aquis
1042 353 1052 377 :

70 402 125 447 aEt
142 419 218 448 non
236 402 341 448 unius
361 402 541 466 speCIator
556 404 708 450 lectulus
730 404 840 450 undae
854 439 866 457 ,

141 473 219 534 Qui
240 474 339 522 videt
358 475 442 522 hinc
458 495 602 541 puppes
622 476 779 524 fluminis
794 512 806 531 ‚
826 477 912 524 inde
929 477 1057 523 maris!

75 548 147 593 Sed
167 567 234 595 nec
252 551 452 607 Marcelli,
471 553 811 617 Pompeianumque
826 587 838 606 ‚
861 571 928 599 nec
948 551 1026 598 illic

142 625 232 668 Sunt
247 623 408 687 triplices
428 626 601 679 thermae‚
620 643 687 673 nec
706 626 786 671 fora
807 626 929 686 junela
949 641 1100 688 quater:

78 696 159 741 Nec
179 695 386 759 Capitolini
406 698 581 744 summum
598 699 791 762 penetrale
808 699 992 746 Tonantis
1005 733 1018 752 ‚

144 770 315 832 Quaeque
336 770 450 818 nitent
469 772 570 819 coelo
590 772 759 837 proxima
775 772 1012 836 templasuo.

78 843 214 889 Dicere
234 858 270 889 te
290 843 413 890 lassum
432 844 579 908 quoties
599 863 674 909 ego
692 846 805 892 credo
827 844 1015 906 Quirino:

142 918 242 977 Quae
258 916 440 972 masam,
458 916 524 964 tibi
542 917 658 964 habe:
677 936 760 981 quae
777 935 857 964 mea
872 953 883 972 ‚
902 917 1017 965 redde
1035 916 1136 964 mihi.

488 1103 578 1150 LII.
611 1104 684 1149 De
689 1102 898 1163 spadone.

81 1228 299 1314 Tuum
318 1266 457 1314 viderat
477 1266 512 1313 in
534 1283 621 1331 toga
638 1266 840 1329 spadonem
855 1301 869 1320 ‚

81 1344 300 1388 Damnatam
319 1344 439 1388 Numa
458 1341 551 1388 dixit
570 1341 642 1387 effe
658 1341 852 1389 moecham.

405 1536 513 1581 LIII.
549 1537 826 1596 Epitaphium
848 1537 1009 1596 Scorpi.

86 1667 129 1753 I
133 1724 203 1752 Lu:
222 1723 297 1769 ego
318 1705 392 1752 sum
413 1709 572 1769 Scorpus
586 1741 598 1759 ‚
621 1704 767 1752 clamofi
788 1706 907 1769 gloria
927 1703 1053 1759 Circi,

148 1780 292 1825 Plausus
306 1813 318 1833 ‚
336 1783 453 1826 Roma
466 1815 477 1833 ,
496 1779 547 1826 tui
563 1815 575 1834 ‚
593 1779 814 1843 deliciaeque
837 1781 992 1826 breves:

82 1849 209 1896 Invida
228 1867 337 1912 quem
353 1850 516 1896 Lachesis
534 1852 674 1914 faptum
692 1850 882 1896 trieteride
903 1869 1002 1897 nona
1018 1861 1033 1905 ‚⁴

146 1925 243 1969 Dum
263 1936 424 1970 numerat
442 1923 578 1987 palmas
591 1957 604 1978 ‚
624 1921 779 1970 credidit
795 1921 868 1970 effe
883 1923 1021 1971 senem.

1250 159 1344 213 ‘107

1296 497 1352 527 10
