1716 2927
421 141 507 189 ΙΝ
535 143 903 190 PRIAPUM
935 145 1200 193 LUSUS.

489 325 700 372 LXXVI.
734 327 817 373 Ad
845 327 1059 387 Priapum.

171 455 424 543 DODONA
444 492 494 538 est
517 493 609 545 tibi,
626 494 791 558 Iuppiter
805 529 818 546 ‚
838 493 991 541 sacrata:

171 565 305 614 Iunoni
326 567 452 610 Sarnos
468 600 480 618 ‚
498 564 537 611 &
555 567 740 629 Mycena:
761 563 836 612 Diti

173 638 294 686 Undae
312 637 351 684 ὅ(
368 640 543 684 Taenaros
561 638 795 702 aequorisque
814 637 922 702 Regi.

168 710 289 755 Pallas
306 708 509 772 Cecropias
528 724 648 755 tuetur
666 728 790 756 arces:

173 781 345 844 Delphos
364 781 513 844 Pythius
533 781 631 827 orbis
653 781 891 828 umbilicum:

173 855 317 900 Creten
337 853 468 906 Delia,
485 853 743 918 Cynthiosque
764 854 902 901 colles:

175 929 316 972 Faunus
332 926 533 972 Moenalon
548 961 561 979 ‚
581 928 835 990 Arcadumque
854 925 969 972 filvas.

177 997 237 1042 Est
253 997 364 1043 tutela
382 997 536 1043 Rhodos
555 999 658 1044 beata
681 998 801 1044 Solis:

176 1067 302 1115 Gades
317 1069 488 1115 Herculis
501 1105 513 1123 ‚
531 1069 792 1134 humidumque
808 1071 938 1117 Tibur.

176 1142 340 1205 Cyllene
356 1141 470 1188 celeri
488 1145 573 1188 Deo
592 1142 741 1188 nivosa:

174 1215 300 1261 Tardo
321 1214 459 1278 gratior
476 1215 627 1261 aestuosa
646 1219 814 1264 Lemnos.

177 1290 327 1333 Ennaeae
347 1290 522 1333 Cererem
541 1306 650 1334 nurus
670 1290 927 1353 frequentant:

178 1364 329 1424 Raptam
352 1359 514 1423 Cyzicos
533 1360 690 1407 ostreosa
713 1361 869 1408 Divam:

178 1432 390 1478 Formosam
407 1434 591 1478 Venerem
613 1434 759 1480 Gnidos
772 1469 784 1487 ‚
804 1434 1048 1498 Paphosque:

179 1505 362 1552 Mortales
379 1504 443 1552 tibi
462 1506 693 1569 Lampsacum
710 1506 890 1553 dicarunt.

548 1693 778 1740 LXXVII.
814 1695 1009 1754 Priapus.

275 1876 365 1907 uon
385 1858 449 1904 sim
462 1859 534 1920 jam
552 1856 675 1906 senior
688 1893 700 1911 ,
715 1875 911 1921 meumque
932 1858 1038 1904 canis-

183 1938 280 1989 Cum
298 1934 407 1981 barba
425 1950 533 1996 caput
550 1931 684 1977 albicet
702 1931 864 1995 capillis:

182 2007 396 2070 Depreusos
412 2024 485 2070 ego
504 2005 693 2069 perforare
711 2005 856 2068 poffum
947 2011 954 2014 ⁴

182 2080 461 2141 Tithonumque
474 2113 487 2132 ‚
507 2077 758 2139 Priamumque
773 2113 784 2130 ‚
803 2078 1084 2142 Nestoremque.

185 2155 383 2198 Immanem
407 2149 626 2196 stomachum
648 2147 735 2193 mihi
754 2148 908 2203 videtis,

183 2223 265 2284 Qui
282 2223 428 2269 densam
450 2222 561 2269 facitis
579 2221 731 2268 subinde
747 2223 895 2287 sepem:

189 2304 235 2346 Et
254 2302 350 2347 fures
369 2298 573 2363 prohibetis
590 2298 660 2343 huc
677 2296 788 2343 adire.

188 2376 272 2420 Hoc
292 2374 339 2421 est
359 2373 493 2419 laedere
510 2407 521 2427 ‚
541 2373 626 2424 dum
641 2370 796 2434 javan„
814 2370 886 2417 hoc
902 2369 951 2419 est

1350 151 1440 207 '3¹7

1396 1159 1450 1195 10⁴

1401 1525 1454 1569 15⁵
