1767 2881
304 125 368 160 *Vt
556 111 624 157 M.
661 109 822 154 VAL.
859 108 1308 154 MARTIALIS

308 196 436 254 sent,
458 194 582 242 cives
614 192 696 241 effe
727 191 908 248 voluit;
937 204 1029 237 tum
1063 208 1144 253 pro
1184 189 1488 253 cujuscunque
1518 200 1592 237 ar-1'

307 280 447 327 bitrio
478 277 660 323 nomina
693 274 829 321 sumta
849 311 862 329 ‚
890 285 965 319 aut
998 272 1367 322 nobilissimarum
1401 272 1593 322 familia-

307 379 408 408 rum
428 397 440 415 ‚
472 377 571 423 quae
603 358 692 420 jam
723 355 1010 415 defecerant,
1044 368 1118 402 aut
1145 372 1271 402 nova
1305 355 1557 419 echgitata
1576 391 1593 415 ,

307 457 463 491 vetere
506 440 705 491 vocandi
746 437 1101 496 consuetudine,
1133 455 1232 501 quae
1266 438 1329 484 ‘ad
1367 455 1415 485 ea
1456 438 1593 501 usque

306 537 543 588 tempora,
563 540 721 587 parum
752 517 872 570 certe
902 521 1073 571 violata
1101 509 1423 583 perduravei·at
1441 557 1455 579 ,
1479 539 1592 584 pau-

307 608 432 655 latim
478 606 629 671 postea
671 601 860 653 labante.
914 606 1032 665 Quae
1073 603 1301 666 praecipua
1343 602 1468 651 causa
1504 603 1599 652 fuit

306 691 468 753 (quod
495 701 708 753 portento
735 688 875 736 fimile
901 686 996 751 est)
1018 698 1070 734 ut
1101 686 1202 749 post
1232 685 1591 735 Caracalli-tem·

304 790 447 840 pora,
480 773 598 820 intra
640 771 924 834 paucissimos
971 786 1116 818 annos
1150 768 1317 815 horum
1352 768 1591 816 nominum

304 856 405 903 usus
443 872 521 918 per
555 855 677 901 mille
712 870 856 900 annos
888 852 1178 901 conservatus
1200 887 1214 909 ‚
1244 850 1437 898 omnino
1472 851 1592 901 diffi-

301 951 434 1003 patus
453 973 469 994 ,
498 939 548 985 &
577 934 625 981 in
656 952 780 983 nova
816 936 1040 983 vocabula
1074 932 1428 982 transformatus.
1473 935 1593 981 Nam

304 1008 429 1066 nulla
461 1017 670 1080 deinceps
704 1017 902 1064 nominis
923 1053 937 1072 ,
962 1016 1252 1080 praenominis
1270 1052 1284 1076 ‚
1315 1016 1392 1065 vel
1416 1032 1594 1080 cogno-

303 1102 438 1149 minis
480 1100 703 1150 distinctio
742 1099 976 1149 observata
1007 1099 1100 1158 est,
1126 1099 1199 1146 sed
1236 1098 1390 1146 omnia
1422 1098 1469 1144 in
1504 1098 1596 1146 foe-

304 1183 522 1230 disfimam
561 1182 806 1233 barbariem
847 1183 1008 1241 versa,
1044 1181 1322 1245 antiquitatis
1361 1181 1594 1245 cognitio-

301 1283 406 1312 nem
429 1265 555 1314 omni
583 1282 639 1312 ex
671 1278 794 1327 parte
820 1258 1122 1328 perdiderunt.
1145 1263 1517 1329 HaecPanvinius
1537 1263 1595 1311 de

303 1348 505 1411 antiquis
538 1347 800 1393 nominibus
830 1347 1162 1392 Romanorum.
1190 1345 1402 1393 ‘Consule
1438 1346 1488 1394 &
1521 1346 1593 1392 Si-

307 1431 497 1496 gonium
524 1432 572 1478 δε
598 1429 806 1476 Urfinum
835 1428 890 1484 de
921 1427 1181 1474 nominibus
1212 1428 1261 1474 &
1288 1426 1467 1474 familiis
1499 1428 1595 1474 Ro-

307 1516 582 1570 rnanorum,
621 1510 946 1557 Volateranum
1000 1507 1275 1571 Anthropol.
1341 1508 1592 1575 Martialem

305 1593 551 1659 (quamvis
589 1596 637 1642 &
668 1593 757 1639 hoc
783 1589 1078 1654 Romanum)
1113 1607 1137 1636 a
1175 1590 1432 1652 parentibus
1470 1591 1593 1638 indi-

307 1664 497 1741 gitatum
516 1676 608 1722 five
630 1693 654 1723 a
678 1675 784 1724 Kal,
803 1672 976 1721 Martiis
996 1709 1009 1730 ,
1031 1672 1192 1737 quibus
1219 1673 1278 1720 est
1305 1672 1445 1720 editus
1466 1705 1480 1728 ‚
1501 1674 1592 1722 five

307 1758 529 1820 majorum
561 1757 772 1807 arbitratu
793 1757 855 1804 ob
877 1755 1031 1804 Martis
1052 1756 1222 1803 cultum
1252 1756 1300 1803 &
1327 1757 1593 1804 memoriam

307 1841 484 1888 censeo.
510 1839 748 1890 ‘Martiales
770 1856 910 1902 porro
942 1838 1098 1886 nostro
1123 1851 1268 1900 poetae
1287 1838 1379 1886 fere
1399 1840 1593 1902 aequales

306 1924 459 1988 plures
491 1922 593 1985 lego
623 1923 740 1984 apud
762 1921 1013 1984 scriptores.
1048 1922 1120 1967 Est
1148 1921 1265 1984 apud
1288 1923 1591 1983 Lampridium

307 2005 535 2069 Gargilius
566 2005 782 2053 Martialis
802 2041 815 2063 9
847 2000 983 2067 paulo
1015 2020 1162 2050 tamen
1194 2002 1349 2049 nostro
1385 2004 1591 2052 Martiale

309 2089 475 2137 minor.
514 2087 723 2135 Celebrat
741 2086 924 2134 Tacitus
945 2086 1211 2134 Cornelium
1231 2075 1480 2132 Martialem
1502 2087 1590 2149 prio

308 2171 572 2233 mipilarem.
595 2169 763 2218 Laudat
793 2170 942 2216 noster
971 2169 1188 2216 Martialis
1218 2169 1383 2216 Julium.
1407 2170 1590 2216 Marti-3-

302 2251 397 2302 {em
435 2252 698 2303 familiarem
728 2252 870 2302 sunm.
912 2252 1042 2302 Vixit
1076 2251 1237 2302 eodem
1274 2250 1365 2299 fere
1402 2268 1506 2300 aevo
1541 2253 1586 2301 S.
