1716 2927
282 144 951 195 'EPIGRAMMATUM
981 150 1030 196 L.
1066 150 1130 197 Χ.
1206 179 1207 182 ,
1303 148 1365 214 89

479 337 596 384 XIII.
631 338 712 382 Ad
742 339 938 384 Tuccam.

87 456 236 545 CUM
253 497 530 545 cathedralicios
549 519 601 564 po
579 515 676 545 ortet
694 498 758 545 tibi
775 499 887 545 rheda
904 497 1086 545 ministros
1104 533 1118 551 ‚

150 572 193 616 Et
211 571 344 636 Libys
336 590 373 617 in
394 572 523 655 longo·
538 573 691 636 pulvere
711 574 817 620 sudet
836 590 978 635 eques,

82 645 275 709 Strataque
293 665 367 693 non
386 666 471 694 unas
492 646 641 709 cingant
659 647 752 692 tricli
744 647 817 692 mia
835 646 960 707 Bajas

151 720 195 764 Et
213 718 341 764 Thetis
359 736 549 784 unguento
570 720 704 783 palleat
725 720 830 765 uneta
850 736 942 772 tuo3

86 791 251 837 Candida
273 793 387 840 Setini
407 810 575 857 rumpant
593 794 757 858 crystalla
778 793 955 846 trientes,
1342 808 1364 851 ς

148 865 319 912 Dormiat
336 865 373 912 in
392 866 513 929 pluma
536 884 604 911 nec
622 865 781 911 meliore
804 868 953 912 Venus:

85 935 147 982 'Ad
166 937 343 983 nollurna
364 938 458 997 jaces
478 937 617 982 fastosae
635 936 761 982 limina
782 936 937 982 moechae
952 971 965 989 ‚

150 1011 194 1054 Et
210 1009 331 1055 madet
353 1008 489 1073 (heu)
511 1009 668 1056 lacrimis
688 1010 795 1071 janua
818 1009 921 1057 surda
937 1007 1035 1064 tuis;

85 1083 205 1128 Urere
222 1089 289 1129 nec
310 1082 482 1129 miserum
502 1082 636 1130 cessant
654 1082 799 1147 suspiria
819 1084 959 1148 pefihis.

149 1154 213 1201 Vis
233 1155 349 1202 dicam
365 1192 379 1213 ‚
397 1157 488 1202 male
506 1155 547 1203 stt
567 1175 632 1203 cur
649 1156 739 1213 tibi,
758 1160 906 1204 Tucca?
924 1157 1022 1204 bene
1043 1155 1108 1202 est.
1309 1173 1369 1207 to.

477 1342 606 1388 XIV.
641 1346 722 1389 Ad
740 1344 941 1403 Casuum.

230 1466 258 1490 ὦ

66 1560 69 1563 ¹
90 1464 306 1553 CEDERE
321 1503 368 1550 de
387 1502 517 1550 nostris
537 1502 629 1549 nulli
649 1517 686 1549 te
701 1502 791 1549 dicis
808 1502 948 1551 amicis.

151 1577 224 1622 Sed
239 1611 251 1630 ‚
270 1575 312 1622 fit
327 1591 367 1622 ut
386 1576 459 1622 hoc
476 1594 600 1622 verum
614 1611 626 1628 ‚
644 1575 733 1639 quid
747 1612 759 1630 ‚
777 1594 875 1641 rogo
891 1611 904 1630 ‚
925 1575 1055 1640 Crispe
1067 1613 1080 1632 ‚
1099 1576 1214 1624 facis?

87 1651 221 1696 Mutua
238 1668 320 1696 cum
338 1665 504 1714 peterem
523 1649 681 1696 sestertia
703 1649 869 1713 quinque
883 1684 895 1703 ‚
915 1650 1075 1713 negasti:

151 1725 244 1773 Non
263 1738 410 1787 caperet
431 1741 601 1769 nummos
620 1741 702 1769 cum
723 1722 844 1787 gravis
862 1742 942 1769 arca
959 1739 1057 1770 tuos.

87 1798 252 1856 Quando
275 1797 367 1843 fabae
384 1797 491 1844 nobis
509 1791 676 1843 modihm
693 1796 869 1860 farrisque
885 1796 1013 1844 dedisti
1029 1832 1044 1852 ‚
1345 1813 1368 1860 5

155 1871 253 1915 Cum
273 1883 329 1914 tua
348 1869 510 1916 Niliacus
530 1889 611 1917 rura
627 1870 790 1917 colonus
808 1878 912 1917 aret?

91 1943 258 2003 Quando
277 1942 399 1989 brevis
421 1943 554 2008 gelidae
574 1945 672 1991 miffa
693 1946 742 1991 est
758 1961 848 2006 toga
865 1961 1038 2011 tempore
1054 1945 1221 1993 brumae?

156 2015 312 2078 Argenti
332 2015 434 2062 venit
454 2017 599 2080 quando
619 2016 749 2064 selibra
764 2017 876 2064 mihi?

92 2084 158 2132 Nil
178 2086 276 2132 aliud
297 2086 410 2135 video
425 2123 438 2142 .,
456 2107 531 2152 quo
551 2105 589 2136 te
606 2081 793 2137 credamus
809 2090 968 2137 amicum
985 2125 998 2145 ‚

159 2165 282 2224 Quam
300 2164 403 2228 quod
419 2182 477 2213 me
494 2183 618 2213 coram
638 2165 777 2229 pedere
792 2200 805 2221 ‚
823 2165 956 2231 Crispe
970 2202 983 2223 ,
1002 2165 1111 2214 soles.
1319 2178 1375 2215 ια’
