1767 2881
687 96 955 144 VITA.
1412 117 1470 154 Ἢ

182 217 242 264 Et
260 231 371 263 mox
392 215 440 264 in
462 216 682 282 sequenti:

246 351 374 396 Illinc
405 366 441 396 te
470 368 562 398 rota
593 358 736 409 tollet,
764 351 808 399 G*
845 356 996 401 citatus

245 436 398 479 Altam
426 436 609 481 Bilbilin
626 471 640 493 ‚
663 434 705 482 ‘fr
740 453 858 483 tuum
895 441 1095 484 Salonem

247 515 413 575 Quinto
428 517 615 581 fhrsltan
643 517 775 581 ffedo
802 522 976 568 videbis.

176 631 273 680 Lib.
302 635 387 681 XII
415 634 552 700 epigr.
590 636 660 685 18.

239 763 312 806 Me
336 765 489 808 multos
519 765 686 824 repetita
708 765 802 830 post
829 765 1071 811 Decembres

239 846 415 905 Accepit
445 865 536 902 mea
553 881 566 903 ‚
592 849 856 914 rusticumque
877 847 985 906 fecit

237 930 360 974 Auro
386 929 562 975 Bilbilis
589 927 632 976 ὃ·
653 931 834 993 fitperba
854 931 986 991 ferro,

171 1061 257 1108 Sed
286 1063 339 1110 de
363 1063 503 1127 patria
537 1065 752 1113 Martialis
780 1066 830 1113 &
860 1066 913 1112 de
940 1064 1023 1111 hac
1050 1062 1198 1138 Bilbili
1227 1062 1354 1127 plura
1377 1063 1457 1112 lib.·

169 1146 190 1191 1
218 1145 356 1210 epigr.
384 1163 453 1213 50.
483 1148 679 1195 Romam
709 1148 864 1206 venit,
886 1165 989 1196 cum
1022 1165 1189 1194 annum
1221 1158 1367 1212 ageret
1395 1146 1458 1195 al-

170 1240 316 1274 terum
349 1231 399 1276 8(
435 1230 695 1279 vicesimum
740 1233 926 1278 Nerone
970 1231 1248 1293 imperante:
1280 1231 1368 1293 egit
1407 1229 1455 1275 in

170 1309 281 1355 urbe
308 1327 452 1357 annos
478 1312 678 1374 quinque
710 1313 840 1374 supra
871 1313 1052 1375 triginta
1074 1330 1084 1357 z
1107 1311 1294 1358 disceffit
1320 1311 1456 1372 septi·-

171 1407 250 1437 mo
279 1393 339 1441 δέ,
357 1392 741 1454 quinquagesimo.
772 1394 915 1454 Quod
931 1392 1022 1456 ipse
1041 1410 1112 1439 me
1132 1393 1266 1440 docet
1287 1405 1422 1455 poeta
1436 1428 1453 1451 ‚

168 1489 270 1520 cum
300 1473 375 1520 lib.
408 1475 492 1521 XII
521 1474 657 1540 epigr.
692 1493 746 1541 31.
785 1477 838 1523 de
867 1475 1013 1523 hortis
1039 1475 1268 1525 Marcellae
1292 1475 1455 1523 uxoris

167 1554 229 1602 ita
264 1556 413 1604 canit:
1471 1553 1480 1556 ⁷⁷

232 1696 413 1740 Munera
429 1695 541 1755 sunt
559 1696 737 1740 dominae
749 1694 847 1759 pqst
856 1695 1043 1755 fiptima
1061 1694 1184 1760 lustra
1215 1692 1384 1753 reverso.

167 1826 261 1872 Lib.
288 1836 404 1872 ve'ro
421 1826 467 1872 X
488 1825 626 1889 epigr.
659 1842 747 1883 104
765 1843 790 1872 a
812 1825 951 1888 patria
976 1825 1018 1871 se
1046 1824 1228 1887 triginta
1254 1838 1449 1886 quatuor

167 1924 311 1954 annos
341 1907 521 1953 abfuifi'e
537 1909 682 1955 adhuc
703 1909 750 1954 in
770 1908 879 1954 urbe
897 1909 1060 1971 degens
1089 1906 1270 1969 scripsit.
1301 1907 1447 1952 Porro

102 1988 111 1995 ’
167 1990 247 2037 lib.
279 1992 323 2036 X
349 1989 488 2053 epigr.
521 2007 581 2048 24
609 1991 663 2036 de
687 1989 771 2036 suis
801 1989 1045 2048 Kalendis,
1066 2000 1223 2037 monet
1247 1987 1289 2035 se
1310 1987 1447 2053 quin«,

165 2073 465 2137 quagesimum
492 2072 727 2136 septimum
747 2089 912 2120 annum
943 2071 1155 2137 attigisse:

230 2202 582 2267 Quinquageszma
604 2203 699 2247 'liba
721 2203 1024 2262 septimamque

233 2285 382 2348 Vfstris
410 2287 606 2330 addimus
632 2284 740 2331 lzcmc'
762 2284 882 2343 focis
910 2301 1102 2330 acerram,
