1716 2927
354 98 410 162 56
605 101 670 147 M.
709 102 868 148 VAL.
900 103 1354 149 MARTJALJS

348 199 534 245 Mordent
553 216 658 244 aurea
675 198 779 261 quod
797 198 921 261 lupata
940 200 1068 253 cervi,

346 272 470 331 Quod
487 270 598 317 frenis
617 269 746 334 Libyci
764 271 958 318 domantur
974 271 1042 317 urfi
1058 307 1072 324 ‚

348 346 396 390 Et
413 361 583 407 quantum
600 344 774 407 Calydon
793 344 912 390 tulisse
933 345 1076 398 fertur,

347 420 456 463 Paret
475 417 665 480 purpureis
683 434 770 481 aper
789 415 973 478 capistris:

348 493 494 554 Turpes
513 490 632 535 effeda
651 489 754 552 quod
772 489 912 535 trahunt
933 489 1129 544 bisontes4

348 567 396 610 Et
416 564 550 610 molles
566 564 652 609 dare
673 563 758 625 juffa
779 564 881 626 quod
904 563 1058 609 choreas

349 638 474 701 Nigro
494 637 617 683 bellua
637 636 687 682 nil
711 653 821 699 negat
839 637 1010 699 magistro
1027 656 1036 680 ε

352 712 450 771 Quis
468 711 670 773 speftacula
693 728 767 755 non
790 725 895 772 putet
917 713 1113 756 Deorum?

352 785 442 829 Haec
462 782 585 828 transit
603 798 722 827 tamen
740 817 752 834 ,
771 799 809 826 ut
831 781 974 827 minora
987 817 998 835 ,
1018 782 1181 847 quisquis

351 857 516 900 Venatus
535 853 688 900 humiles
711 853 808 902 videt
824 854 978 903 leonum
994 889 1006 907 ‚

352 930 464 988 Quos
483 929 597 973 velox
620 927 792 989 leporum
813 925 924 972 timor
944 928 1085 991 fatigat.

352 1000 551 1046 Dimittunt
565 1034 577 1053 ‚
597 1014 768 1062 repetunt
781 1035 793 1053 ,
812 1014 1008 1062 amantque
1030 1014 1188 1065 capto&

352 1076 400 1118 Et
418 1071 582 1118 securior
601 1071 651 1117 est
670 1070 706 1116 in
731 1089 796 1117 ore
817 1072 966 1134 praeda;

351 1148 472 1192 Laxos
489 1144 546 1191 cui
567 1145 653 1190 dare
666 1179 677 1198 ‚
698 1143 923 1208 perviosque
940 1145 1049 1192 rissus

355 1220 555 1270 Gaudent,
576 1218 614 1264 δί
632 1217 780 1264 timidos
798 1235 924 1264 tenere
944 1221 1074 1266 dentes
1090 1239 1103 1273 ;

322 1295 330 1298 ”
353 1294 517 1340 Mollem
538 1292 708 1353 frangere
728 1292 812 1337 dum
832 1292 947 1354 pudet
967 1292 1155 1355 rapinam:

353 1365 481 1410 Stratis
498 1383 580 1409 cum
601 1365 719 1419 modo
737 1363 906 1409 venerint
926 1365 1106 1426 juvencis·

353 1438 444 1482 Haec
465 1436 661 1481 clementia
682 1454 758 1481 non
781 1451 925 1499 paratur
943 1452 1020 1481 arte
1036 1471 1048 1490 ,

355 1508 428 1555 Sed
447 1523 584 1556 norunt
603 1507 660 1554 cui
677 1507 837 1555 serviant
855 1507 997 1554 leones⁴

732 1693 853 1740 CVI.
893 1697 936 1740 A
937 1696 968 1739 d
997 1692 1216 1741 Ovidiusm

359 1804 435 1890 ΙΝ
453 1842 696 1889 Nomentanis
710 1878 722 1896 ‚
743 1843 856 1890 Ovidi
870 1879 881 1897 ‚
900 1844 1001 1908 quod
1024 1844 1180 1891 nascitur
1196 1845 1291 1908 agris
1304 1881 1315 1899 ‚

421 1915 576 1979 Accepit
594 1915 741 1979 quoties
759 1932 925 1979 tempora
943 1919 1058 1979 longa
1076 1935 1214 1963 merum
1233 1953 1247 1971 ,

355 1989 466 2037 Exuit
481 1990 615 2036 annosa
636 2008 757 2036 mores
774 2009 990 2053 nomenque
1003 1991 1174 2044 fenest&

423 2066 494 2130 Et?
513 2063 692 2128 quidquid
711 2064 854 2121 voluit,
872 2065 956 2113 testa
973 2081 1126 2112 vocatur
1144 2083 1247 2112 anus„

1587 654 1639 684 10

1585 1019 1634 1060 ¹5
