1716 2927
402 156 492 186 ιω
606 200 609 206 ,
655 147 722 191 Μ.
763 150 1413 208 VAL.MARTIAL15

691 332 806 381 LIX.
839 337 894 383 ln
912 339 1129 385 delicatum
1149 342 1341 390 left‘orem.

394 450 683 539 CONSUMTA
702 494 753 539 est
770 513 846 541 uno
864 494 888 540 fi
912 496 1081 544 lemmate
1097 498 1228 563 pagina
1240 534 1252 553 ‚
1272 499 1396 549 tranlis
1413 514 1426 558 ‚‘

456 568 499 611 Et
520 567 690 612 breviora
710 567 775 613 tibi
795 605 807 624 ‚
827 587 901 615 non
921 569 1076 616 meliora
1093 571 1254 634 placent.

389 638 504 685 Dives
519 675 531 692 ,
552 640 591 685 ὃ(
609 659 654 686 ex
674 640 774 687 omni
792 641 908 704 posita
927 643 975 688 est
998 643 1160 690 instrufla
1178 645 1337 693 macello

457 716 576 759 Coena
596 714 660 759 tibi
675 750 686 763 ,
706 715 767 761 sed
789 732 824 762 te
843 733 973 764 mattea
994 718 1072 764 sola
1088 719 1227 780 juvant.

388 787 478 832 Non
498 805 590 850 opus
612 787 660 832 est
683 787 789 834 nobis
812 789 963 836 nimium
983 791 1123 838 lefilore
1143 792 1295 855 guloso.

451 861 559 905 Hunc
579 861 673 907 volo
688 897 702 922 ‚
723 862 785 925 qui
803 861 864 909 fiat
884 882 962 909 non
981 863 1057 910 fine
1077 883 1171 928 pane
1189 866 1296 912 satur.

796 1053 892 1099 LX.
925 1056 997 1100 De
1017 1056 1200 1100 Munna.

392 1167 529 1257 JURA
549 1204 655 1251 trium
673 1204 780 1269 petiit
795 1224 814 1251 a
833 1205 979 1252 Caesare
995 1205 1292 1269 discipulorum,-

449 1278 618 1325 Affuetus
633 1279 775 1343 semper
793 1281 936 1325 Munna
955 1279 1094 1326 docere
1111 1279 1219 1326 duos.

705 1464 822 1512 LXI.
856 1467 1132 1526 Epitaphium
1155 1467 1310 1514 Emi,

385 1587 481 1674 H
487 1642 530 1672 1c
547 1625 707 1673 festinata
726 1627 920 1690 requiescit
939 1627 1097 1674 Erotion
1116 1628 1271 1679 umbra,⁴

451 1702 616 1748 Crimine
635 1720 740 1765 quam
763 1703 824 1748 fati
843 1703 941 1748 sexta
960 1701 1116 1765 peremit
1136 1702 1262 1747 hiems.

384 1774 564 1838 Quisquis
584 1774 652 1821 eris
674 1774 783 1820 nostri
803 1776 882 1838 post
899 1793 958 1820 me
977 1792 1153 1836 regnator
1170 1773 1310 1836 agelli,

450 1846 621 1893 Manibus
639 1846 783 1910 exiguis
800 1865 916 1893 annua
936 1847 1022 1907 justa
1039 1847 1138 1892 dato.

386 1921 446 1968 Sic
465 1925 552 1968 Lare
569 1940 750 1987 perpetuo
764 1958 776 1975 ,
794 1921 841 1967 fic
862 1922 963 1968 turba
987 1921 1123 1985 sospite
1137 1956 1149 1976 ‚
1169 1921 1268 1970 solus

452 1996 603 2044 Flebilis
620 1996 766 2045 interra
783 1996 824 2044 fit
843 1997 935 2061 lapis
952 1996 1013 2045 iste
1032 2013 1103 2045 tua.
