1716 2927
245 157 932 205 EPIGRAMMATUM
965 160 1013 205 L.
1053 163 1183 209 Vm,

83 265 223 313 Pocula
246 265 400 313 solliciti
421 265 579 331 perdunt
599 264 805 330 ligulasque
822 264 1000 321 ministi·i‚‘

148 344 194 388 Et
214 341 303 388 latet
330 329 365 387 in
386 342 516 404 tepido
540 341 697 405 plurima
714 355 845 405 mappa
862 339 951 387 sinu.

83 413 195 478 Lapsa
216 433 286 460 nec
305 434 324 460 a
345 414 471 460 cubito
491 413 693 460 subducere
712 412 823 477 pallia
840 411 978 467 nescit,

149 489 193 532 Et
212 487 328 532 tetius
346 487 449 533 laenis
468 486 563 550 saepe
579 486 719 533 duabus
737 485 827 532 abit.

83 561 165 606 Nec
183 560 445 606 dormitantem
463 578 608 606 vernam
627 560 794 606 fraudare
814 559 966 606 lucerna

150 633 305 679 Erubuit
322 633 430 679 fallax
446 667 459 685 ‚
474 632 599 678 ardeat
620 631 682 678 illa
699 631 800 678 licet.

83 705 121 751 Si
142 705 232 751 nihil
249 705 379 753 invafit
394 741 406 761 ‚
425 723 580 769 puerum
602 721 688 752 tunc
705 721 783 751 arte
801 703 936 752 dolosa

150 778 319 835 Circuit,
338 778 377 826 &
396 777 516 826 soleas
535 776 685 842 surripit
703 777 780 842 ipse
801 777 894 825 suas.

487 956 584 1004 LX.
619 958 674 1003 In
684 959 936 1018 Claudiamg

85 1078 279 1167 SUMMA
298 1116 447 1163 Palatini
467 1132 619 1182 poteras
640 1135 788 1182 aequare
809 1115 954 1164 Coloffi
969 1151 984 1170 ‚

156 1190 195 1237 Si
217 1190 326 1238 fieres
342 1190 518 1246 brevior,
536 1189 692 1238 Claudia
707 1228 720 1247 ‚
738 1189 1012 1255 sesquipedem.

362 1376 481 1424 LXI.
513 1379 592 1423 Ad
608 1380 804 1425 Severum
819 1411 836 1434 ,
856 1378 905 1421 de
928 1376 1100 1423 Carino.

90 1496 265 1585 Ltvzr
280 1534 440 1590 Carinus
454 1569 467 1589 ,
486 1533 667 1599 rumpitur
682 1569 694 1588 ‚
711 1532 823 1587 furit,
842 1531 994 1597 plorat;

90 1614 140 1658 Et
155 1611 283 1676 quaerit
300 1611 396 1658 altos
411 1646 424 1666 ‚
439 1611 539 1657 unde
557 1611 721 1674 pendeat
735 1644 748 1662 .,
769 1625 911 1654 ramos:

91 1686 183 1731 Non
200 1685 272 1747 jam
289 1684 392 1748 quod
412 1683 504 1728 orbe
520 1697 647 1729 cantor
668 1681 707 1728 δι
726 1680 837 1744 legor
855 1694 969 1733 toto;

93 1759 177 1803 Nec
194 1756 378 1803 umbilicis
393 1756 496 1819 quod
515 1756 674 1803 decorus
694 1753 734 1801 ἃ
754 1753 871 1800 cedro

94 1833 258 1894 Spargor
276 1848 342 1893 per
360 1846 490 1875 omnes
503 1865 516 1884 ‚
533 1832 651 1874 Roma
671 1845 759 1890 quas
779 1840 884 1873 tenet
898 1841 1086 1891 ,gentesz

93 1902 168 1949 Sed
185 1901 289 1964 quod
309 1900 373 1946 sub
392 1900 483 1946 urbe
505 1918 563 1945 rus
585 1900 758 1945 habemus
777 1897 941 1945 aestivum
958 1934 972 1953 ,

93 1974 348 2037 Vehimurque
368 1972 475 2019 mulis
494 1991 569 2019 non
584 2007 596 2026 ‚
616 1987 656 2018 ut
673 1986 759 2019 aute
774 2007 786 2026 ‚
805 1971 1016 2021 conduffis.

96 2048 201 2109 Quid
219 2046 452 2111 imprecabor
465 2081 476 2100 ‚
495 2064 519 2092 o
540 2048 677 2092 Severe
691 2079 705 2098 ‚
721 2043 854 2090 liventi
872 2050 886 2090 ?

0 2162 4 2168 .
97 2124 184 2170 Hoc
205 2137 322 2186 opto:
345 2119 459 2168 mulas
479 2118 637 2175 habeat,
656 2117 697 2166 δι
716 2116 977 2166 suburbanum.v

1300 163 1369 220 ‘'²7''

1310 503 1368 532 10
