1716 2927
256 56 739 124 EPIGRAMMA
754 75 917 124 TUM
954 81 1000 126 L.
1035 81 1173 129 XIV.

370 261 557 309 XCVII.
589 263 747 307 Lances
771 263 1058 323 chrysendetae.

23 413 26 418 ’
101 362 361 470 GRANmA
379 419 424 447 ne
444 399 546 448 viola
563 419 678 465 parvo
699 401 938 466 chrysendeta
957 403 1098 449 mullo:

163 476 215 519 Ut
235 473 425 520 minimum
440 509 451 528 ‚
472 474 580 520 libras
598 475 710 521 debet
729 475 861 522 habere
881 466 981 522 duas,

426 621 642 670 -XCVIIL
679 627 723 670 V
721 623 796 684 afiz
815 626 1010 670 Ansina.

103 717 357 805 ARETmA
377 754 482 802 nimis
502 774 549 802 ne
567 755 711 820 spernas
729 758 811 805 vasa
825 793 836 809 ,
856 775 1050 806 monemus
1066 778 1080 805 τ.

164 831 296 875 Lautus
312 845 387 876 erat
404 829 532 877 Tuscis
549 831 707 877 Porsena
726 830 908 877 fiffilibus.

489 979 660 1027 XCIX.
695 982 936 1042 Bafiauda.

100 1073 354 1163 BARBARA
372 1115 419 1160 de
434 1113 539 1178 piffis
557 1114 643 1162 veni
661 1115 837 1162 bascauda
856 1117 1051 1164 Britannis:

167 1188 240 1234 Sed
259 1205 319 1234 me
338 1188 408 1251 jam
427 1188 562 1236 mavult
580 1187 704 1234 dicere
723 1192 841 1236 Roma
859 1190 973 1240 suam.

582 1345 638 1392 C.
672 1347 863 1392 Panaca.

102 1436 175 1525 S1
193 1493 269 1521 non
289 1474 415 1539 ignota
430 1477 479 1524 est
497 1476 598 1524 doffi
613 1477 681 1524 tibi
699 1492 793 1525 terra
812 1478 975 1534 Catulli3

169 1548 298 1594 Potasti
316 1549 401 1598 testa
420 1549 580 1597 Rhaetica
598 1550 682 1597 vina
700 1568 795 1598 mea.

551 1699 626 1744 CI.
659 1697 889 1743 Boletaria.

108 1801 258 1889 CUM
277 1835 365 1882 m'zhi
385 1833 503 1881 boleti
521 1831 689 1879 dederint
707 1845 779 1876 tam
799 1829 926 1876 nobile
946 1843 1110 1885 nomen5

172 1907 403 1958 Prototomis
418 1941 430 1961 ‚
448 1905 563 1970 pudet
581 1903 653 1948 heu
666 1936 680 1956 ‚
697 1901 817 1949 servio
836 1901 1021 1949 coliculis.

439 2061 532 2107 CII.
569 2060 722 2105 Calices
755 2059 1000 2104 Surrentini.

116 2161 330 2249 Aecum
350 2213 429 2242 non
446 2192 512 2240 vili
532 2193 663 2240 calices
680 2192 726 2238 de
744 2191 896 2256 pulvere
918 2206 1044 2239 natos:
1085 2199 1089 2204 “

180 2273 254 2318 Sed
276 2268 500 2316 Surrentinae
519 2268 616 2313 laeve
635 2282 801 2314 toreuma
815 2282 922 2312 rotae.

208 2347 440 2393 Martialis.
465 2346 568 2392 Vol.
592 2343 658 2388 II.
1063 2339 1101 2382 R

1281 61 1374 147 257'
