1716 2927
304 134 981 185 EPIGRAMMATUM
1013 139 1148 187 LIB.
1183 142 1221 189 I.

127 244 283 293 Avi-dnm
302 246 421 309 rigens
442 230 628 290 Dirc-euna
645 243 806 308 piacabit
832 243 927 292 fitim
941 280 954 301 ‚

194 324 238 367 Et
257 323 395 366 Nemea
410 355 422 373 ‚
439 337 521 382 quae
539 317 654 365 vincit
672 318 790 365 nives.

128 398 176 439 At
196 411 277 438 cum
298 392 506 438 December
528 409 637 437 canus
653 426 665 444 ‚
685 390 725 437 δε
745 391 873 440 bruma
893 392 1081 457 lmpoten's

200 467 389 530 Aquilone
408 484 521 512 rauco
538 464 680 529 mugiet
696 485 708 518 ;

128 538 264 603 Aprica
284 554 429 602 repetes
447 536 667 583 Tarraconis
688 536 797 584 litora
813 573 826 592 ‚

196 619 390 678 Tuamque
409 612 640 659 Laletaniam.

129 687 183 733 lbi
201 687 354 750 iiiigatas
373 685 549 732 mollibus
567 684 689 730 damas
709 683 828 749 plagis

195 758 373 804 Makrabis
387 794 399 812 ,
419 755 457 805 8(
474 775 608 803 vernos
627 773 737 818 apros
753 790 765 810 ‚
783 766 787 771 ”

129 828 390 893 Leporemque
407 828 495 875 forti
516 828 687 874 callidum
706 846 854 893 rumpes
870 846 972 893 equo
988 846 998 873 ε

194 906 340 954 Cervos
359 903 545 966 relinques
562 902 705 950 villico.

129 977 259 1024 Vicina
275 977 313 1024 in
336 977 451 1041 ipsum
472 977 558 1024 {ilva
578 978 775 1024 descendet
793 977 921 1023 focum

194 1051 336 1098 Infante
357 1052 515 1098 cinffflm
536 1051 705 1098 sordido.

127 1123 333 1168 Vocabitur
350 1139 530 1178 venator,
550 1122 589 1169 &
610 1122 735 1171 veniet
752 1120 818 1168 tibi

195 1194 370 1241 Conviva
389 1196 559 1242 clamatus
579 1214 713 1261 prope.

131 1263 267 1311 Lunata
286 1267 457 1329 nusquam
479 1269 588 1331 pellis
604 1304 616 1321 ‚
638 1268 679 1315 ὅ(
699 1267 876 1330 nusquam
896 1276 1013 1329 toga‚‘

196 1335 398 1399 Olidaeque
418 1338 534 1382 vestes
553 1337 710 1383 murice:

127 1409 264 1455 Procul
285 1408 455 1456 horridus
476 1410 654 1457 Liburnus
671 1446 682 1464 ‚
701 1410 740 1456 ἃ
758 1409 932 1472 querulus
950 1406 1065 1453 cliens
1076 1426 1090 1461 3,

194 1483 349 1548 Imperia
370 1483 559 1530 viduarum
579 1484 725 1548 procul.

129 1558 219 1603 Non
237 1573 384 1620 rumpet
402 1557 515 1603 altum
536 1557 695 1621 pallidus
712 1557 879 1604 somnum
899 1574 1002 1604 reus:

193 1631 266 1677 Sed
285 1649 389 1677 mane
408 1647 528 1678 totum
547 1632 724 1678 dormies.
995 1678 997 1682 ,

127 1704 320 1749 Mercetur
337 1703 426 1749 alius
447 1705 585 1767 grande
601 1739 613 1757 ‚
632 1703 672 1751 δι
691 1702 854 1750 insanum
877 1702 1042 1767 sophosz

195 1773 378 1821 Miserere
397 1791 435 1820 tu
453 1774 643 1829 felicium;

129 1850 310 1909 Veroque
331 1850 453 1894 fruere
475 1868 550 1896 non
573 1850 748 1913 superbus
768 1849 935 1914 gaudio,

197 1922 293 1965 Dum
311 1922 399 1966 Sura
419 1921 585 1968 laudatur
607 1937 700 1967 tuus.

129 1991 221 2035 Non
241 1989 472 2054 impudenter
491 1993 565 2039 vita
581 2030 594 2047 ‚
614 1993 717 2056 quod
737 1992 919 2056 reliquum
937 1994 987 2041 est
1000 2027 1013 2049 ‚
1030 1992 1150 2059 petit3

195 2065 290 2110 Cum
312 2065 429 2121 fama,
449 2067 554 2130 quod
574 2065 655 2113 satis
672 2065 744 2121 est,
765 2065 887 2113 habet.

1353 152 1416 206 35

1358 483 1420 518 20

1359 1207 1419 1254 30'

1355 1570 1418 1618 35.
