1716 2927
341 142 401 196 ς),
591 137 659 182 M.
697 139 856 183 VAL.
891 138 1339 186 MARTIALIS

582 320 798 367 XXXIII:
839 323 1018 383 Qualem
1036 324 1137 369 velit
1156 326 1349 372 amicam.

336 429 525 517 HANG
543 470 637 518 volo
653 506 664 526 ,
683 489 766 534 quae
787 470 901 518 facilis
914 507 926 527 ‚
947 491 1030 537 quae
1046 475 1235 537 palliolata
1254 494 1424 541 vagatur:

399 547 501 590 Hanc
521 545 613 592 volo
629 581 641 599 ‚
661 565 743 609 quae
763 566 882 610 puero
900 549 972 609 jam
989 549 1091 595 dedit
1109 568 1189 597 ante
1208 570 1315 599 meo:

333 618 437 662 Hanc
457 618 548 664 volo
561 654 573 669 ,
595 636 701 680 quam
723 620 870 666 redimit
890 637 1005 668 totam
1024 622 1190 670 denarius
1209 625 1326 672 alter:

398 692 501 734 Hanc
521 690 613 736 volo
627 725 639 743 ‚
660 710 743 753 quae
761 694 897 755 pariter
917 694 1048 741 sufficit
1067 714 1135 741 una
1158 696 1283 742 tribus.

332 762 555 809 Poscentem
576 782 743 810 nummos
757 799 769 817 ‚
787 764 828 811 ἃ
848 766 999 829 grandia
1019 768 1129 814 verba
1146 770 1339 816 sonantem
1352 805 1366 824 ‚

401 835 583 884 Poffideat
602 838 699 884 craffi
715 839 878 885 mentula
896 840 1098 904 Burdigali.
1378 834 1381 838 ⁴

697 1028 918 1075 XXXIV.
953 1032 1033 1075 Ad
1057 1032 1265 1076 Flaccum.

345 1143 609 1230 Aumfssms
629 1178 666 1226 in
686 1197 764 1241 quo
778 1214 790 1233 ‚
808 1180 939 1225 Flacce
955 1214 966 1231 ,
982 1180 1120 1226 balneo
1139 1180 1330 1244 plausum3

340 1253 535 1300 Morionis
553 1252 630 1299 illic
649 1251 722 1299 effe
742 1252 939 1299 mentulam
956 1251 1063 1300 scito.

557 1443 771 1490 XXXV.
807 1444 881 1489 De
901 1446 1050 1504 templo
1067 1444 1201 1505 gentis
1222 1444 1390 1489 Flavias.

347 1563 552 1652 JUPITER
570 1597 658 1644 Idaei
677 1598 753 1644 rifit
770 1599 958 1645 mendacia
976 1597 1068 1645 busti
1080 1633 1093 1652 ‚

408 1674 507 1717 Dum
523 1670 624 1717 videt
644 1670 792 1734 Augusti
809 1670 930 1717 Flavia
947 1670 1082 1733 templa
1101 1669 1205 1733 poli:

341 1742 467 1807 'Atque
486 1743 581 1790 inter
599 1744 737 1789 mensas
756 1743 862 1806 largo
881 1743 952 1804 jam
972 1742 1116 1788 meelate
1135 1741 1231 1787 susus
1244 1776 1257 1794 ‚

406 1816 545 1863 Pocula
563 1834 645 1862 cum
663 1816 776 1861 Marti
797 1815 954 1864 traderet
975 1813 1053 1878 ipse
1072 1815 1164 1867 suo·,

341 1887 555 1951 Respiciens
577 1887 754 1934 Phoebum
774 1887 908 1951 pariter
930 1887 1134 1950 Phoebique
1155 1886 1321 1933 so‘rorem
1335 1921 1349 1940 ,

408 1964 504 2008 Cum
524 1961 654 2025 quibus
673 1961 820 2008 Alcides
835 1997 846 2015 ,
866 1960 904 2007 ἃ
922 1959 1002 2024 pius
1022 1963 1132 2005 Arcas
1153 1976 1251 2005 erat:

342 2033 491 2081 Cuoffia
510 2054 578 2081 vos
592 2071 602 2089 ‚
621 2034 765 2099 iuquit,
786 2033 893 2080 nobis
913 2048 1150 2078 monumenta
1169 2030 1334 2078 dedistis:

407 2106 560 2154 Cernite
571 2143 583 2164 ‚
600 2126 706 2172 quam
723 2107 806 2173 plus
823 2105 882 2161 fit,
899 2105 1052 2156 Caesaris
1069 2105 1140 2153 effe
1157 2120 1308 2170 patrem.
