1716 2927
350 139 445 190 568
621 141 686 187 M,
725 142 1367 193 VALMARTIALJS

681 326 972 373 Lxxxvnr.
1007 330 1080 373 De
1099 327 1243 392 Baffz.

353 425 607 512 INFANTm
626 464 748 513 secum
768 466 913 530 semper
930 480 989 512 tua
1007 465 1104 512 Baffa
1116 500 1128 519 ‚
1146 466 1302 514 Fabulle
1314 501 1331 522 ,

417 538 596 584 Collocat
608 573 621 592 ‚
642 538 682 585 δι
699 538 794 585 lusus
812 537 1037 601 deliciasque
1055 553 1178 585 vocat.

350 614 398 657 Et
414 611 519 675 quod
537 611 679 658 mireris
695 611 810 675 magis
824 646 837 665 ‚
856 609 1049 658 infantaria
1069 629 1147 656 non
1166 611 1226 657 est.

414 687 517 749 Ergo
535 684 624 748 quid
642 684 680 731 in
697 685 800 731 causa
817 685 893 732 est?
913 686 1054 750 pedere
1069 683 1166 730 Bassa
1183 683 1295 732 solen·

617 870 878 917 LXXXIX.
913 872 968 916 In
1001 871 1348 934 diffimulatorem,

350 980 545 1069 NULLA
561 1016 719 1065 remisisti
738 1036 854 1081 parvo
873 1037 944 1083 pro
965 1036 1117 1066 munere
1135 1020 1265 1073 doua;

413 1094 459 1137 Et
475 1092 546 1154 jam
566 1090 706 1137 Saturni
726 1090 889 1155 quinque
912 1092 1016 1137 fuere
1036 1091 1130 1136 dies.

346 1165 452 1227 Ergo
476 1181 543 1209 nec
562 1163 707 1228 argenti
730 1163 790 1209 sex
810 1163 981 1227 scriptula
999 1161 1190 1227 Septitiani

411 1235 521 1282 Missa
536 1271 548 1288 ,
576 1254 645 1283 nec
664 1255 683 1281 a
700 1235 857 1298 querulo
876 1253 1007 1299 mappa
1025 1234 1164 1281 cliente
1180 1234 1249 1281 fuit
1269 1255 1284 1289 ·‚

342 1308 598 1372 'Antipolitani
617 1327 685 1355 nec
706 1326 788 1371 quae
807 1309 854 1354 <le
875 1307 1050 1370 sanguine
1066 1307 1197 1371 thynni

410 1380 519 1427 Testa
536 1381 668 1432 rubet,
687 1397 755 1426 nec
772 1375 856 1443 quae
871 1379 1020 1427 co&ana
1036 1397 1145 1443 parva
1167 1378 1290 1444 gerit3

343 1456 427 1501 Nec
447 1456 663 1519 rugosarum
682 1453 806 1502 vimen
821 1455 935 1503 breve
951 1455 1190 1502 Picenarum:

411 1527 549 1574 Dicere
568 1542 605 1574 te
626 1528 748 1592 poss‘es
765 1543 804 1573 ut
823 1526 1027 1573 meminiffe
1043 1526 1131 1574 mei.

344 1598 522 1662 Decipies
540 1599 634 1646 alios
651 1600 773 1646 verbis
795 1600 972 1662 vultuque
990 1599 1183 1662 benigno:

407 1672 502 1717 Nam
523 1669 611 1716 mihi
631 1671 704 1734 jam
724 1685 834 1719 notus
853 1671 1091 1718 diffimulator
1108 1672 1194 1719 eris.

720 1850 823 1897 XC.
858 1851 932 1896 De
958 1850 1236 1916 rusticatione.

342 1958 514 2062 RURE
530 2014 678 2044 motans
694 1997 783 2061 quid
800 2015 903 2061 agam
919 2034 931 2055 ‚
951 1997 1166 2061 respondeo
1184 2016 1298 2062 pauca
1312 2032 1324 2052 ‚
1343 2012 1518 2062 rogatus:

339 2071 438 2116 Luce
455 2072 559 2114 Deos
579 2088 650 2115 oro
665 2104 675 2121 ,
695 2069 852 2117 famulos
867 2108 878 2124 ,
899 2072 980 2133 post
997 2091 1079 2117 arva
1098 2070 1222 2117 reviso
1237 2109 1250 2126 ‚

335 2140 501 2185 Partibus
521 2157 633 2203 atque
653 2142 742 2187 meis
761 2142 873 2203 justos
891 2143 1020 2190 indico
1039 2144 1200 2190 labores.

334 2212 428 2256 Inde
445 2212 534 2275 lego
551 2248 564 2265 ‚
584 2212 836 2276 Phoebumque
855 2215 915 2261 cio
929 2251 940 2267 ,
963 2217 1182 2279 Musamque
1201 2204 1371 2265 lacesse..

331 2281 429 2328 Hinc
450 2284 541 2331 oleo
562 2287 772 2349 corpusque
790 2287 883 2335 frico
897 2323 908 2340 ,
931 2289 1113 2352 mollique
1132 2287 1294 2351 palaestra

334 2355 485 2423 Stringo
508 2358 626 2405 libens
641 2393 653 2425 ?
669 2360 793 2408 animo
812 2362 1000 2426 gaudens,
1018 2379 1060 2408 ac
1079 2361 1228 2410 foenore
1249 2361 1357 2407 liber.

1575 1689 1693 1725 m>
