1716 2927
272 155 763 205 'EPIGRAMMA
780 157 949 201 TUM
982 148 1115 202 ΜΒ.
1150 161 1188 203 1.

297 344 441 392 XXII.
471 347 542 390 De
566 342 747 403 Porfina
769 338 812 386 δ’
830 342 975 386 Mucio
994 342 1193 389 Scaevola.

112 439 262 527 Cum
281 486 425 541 peteret'
441 496 566 542 regem
584 478 740 541 decepta
757 473 913 521 satellite
930 473 1057 520 dextra
1072 508 1084 527 ‚

176 551 322 613 lngeffit
341 551 446 597 sacris
463 552 499 598 se
521 551 681 614 peritura
697 549 804 594 focis.

110 625 184 671 Sed
203 641 273 670 tam
293 627 382 671 saeva
400 625 481 688 pius
501 623 673 671 miracula
696 641 773 669 non
793 621 875 669 tulit
892 619 1003 670 hostis
1016 655 1030 676 ,

175 699 218 742 Et
241 714 381 760 raptum
400 696 550 742 flammis
569 695 661 757 juffit
678 695 779 742 abire
798 694 930 743 virum.

108 769 229 814 Urere
249 785 356 830 quam
376 768 500 831 potuit
519 782 715 813 contemto
735 768 881 814 Mucius
899 767 988 832 igne
1002 803 1016 822 ‚

172 844 276 887 Hanc
299 841 460 908 spefikare
480 860 625 887 manum
648 842 803 888 Porsena
823 861 897 888 non
914 840 1052 905 potuit.

109 916 238 976 Major
255 916 423 978 deceptae
441 914 534 961 fama
554 915 603 961 est
622 914 660 961 &
677 915 797 979 gloria
816 915 979 961 dextrae:

173 988 210 1035 Si
229 1007 307 1036 non
325 988 471 1036 erraffet
485 1024 498 1043 ⁴,
518 988 655 1039 secer'at
674 987 736 1034 illa
751 986 886 1035 minus.

429 1172 593 1219 XXIII.
627 1175 699 1220 Dc
717 1175 829 1219 leone
848 1169 890 1218 G·
906 1174 1052 1232 lepore.

109 1279 282 1385 Qum
303 1335 398 1362 nunc
417 1318 510 1364 saeva
527 1319 623 1381 fugis
639 1318 774 1381 placidi
790 1319 897 1381 lepus
917 1336 982 1364 ora
1001 1316 1152 1365 leonis?

177 1392 358 1452 Frangere
379 1404 451 1434 tam
470 1407 595 1452 parvas
614 1407 691 1434 non
712 1388 877 1435 didicere
894 1389 1002 1435 feras.

110 1461 304 1505 Servantur
320 1458 460 1522 magnis
478 1458 532 1504 isti
549 1459 754 1504 cervicibus
772 1477 913 1522 ungues
928 1494 942 1512 ‚

175 1536 256 1580 Nec
275 1534 409 1597 gaudet
426 1532 527 1583 tenui
549 1532 724 1595 sanguine
744 1547 842 1578 tanta
861 1531 947 1578 fitis.

107 1608 233 1655 Praeda
253 1624 379 1655 canum
398 1606 504 1669 lepus
520 1605 570 1653 est
584 1640 595 1657 ‚
614 1604 732 1652 vastos
753 1623 829 1652 non
847 1604 975 1675 implet
990 1603 1128 1653 hiatus:

174 1681 267 1725 Non
285 1678 410 1726 timeat
428 1682 551 1724 Dacus
569 1677 723 1724 Caesaris
743 1696 840 1726 arma
858 1696 963 1742 puer.

508 1859 678 1905 XXIV.
714 1862 795 1905 Ad
819 1863 996 1909 Cottam.

115 1971 156 2061 Ι
163 2026 319 2059 NVITAS
337 2009 477 2055 nullum
492 2045 504 2064 ‚
523 2009 585 2056 nifi
607 2028 688 2057 cum
705 2029 782 2074 quo
795 2047 807 2065 ,
826 2013 940 2058 Cotta
953 2047 966 2066 ‚
985 2012 1114 2060 lavaris
1129 2022 1146 2068 ζ

177 2084 221 2126 Et
239 2082 326 2127 dant
345 2081 539 2130 convivam
556 2083 682 2130 balnea
704 2084 782 2130 sola
799 2083 882 2130 tibi.

112 2156 275 2204 Mirabar
289 2190 302 2209 ‚
321 2174 432 2219 quare
450 2174 629 2220 nunquam
645 2175 727 2210 me,
745 2159 882 2215 Cotta,
899 2157 1086 2205 vocaffes:

174 2232 250 2283 Jam
267 2229 343 2283 scio
357 2264 371 2297 2
387 2248 445 2278 me
466 2231 602 2279 nudum
623 2230 845 2296 displicuisse
863 2229 945 2279 tibi.

1330 164 1391 219 25
