1716 2927
252 148 928 197 'EPIGRAMMATUM
956 151 1004 193 L.
1039 134 1132 196 XI.
1274 146 1365 208 169

372 336 535 383 XCIV.
570 337 625 381 In
652 333 815 395 werpum
841 337 1045 379 aemulztm.

22 473 24 475 V
91 445 276 553 Quor)
297 483 446 530 nimium
463 483 581 536 lives,
602 481 730 530 nostris
752 481 790 529 δι
808 481 945 546 ubique
961 480 1099 527 libellis

158 555 328 602 Detrahis
341 591 354 610 ‚
372 555 557 619 ignosco:
577 574 694 620 verpe
711 570 824 620 poeta
838 590 850 609 ‚
871 553 975 618 sapis.

92 630 178 676 Hoc
196 648 349 693 quoque
370 648 446 676 non
466 647 557 676 curo
573 663 586 682 ‚
604 629 707 692 quod
725 630 808 675 curn
825 646 905 674 mea
923 627 1079 674 carmina
1098 646 1220 693 carpas
1232 665 1244 682 ,

161 704 377 767 Compllas:
399 703 438 750 δι
457 702 505 749 fic
518 739 528 752 ,
546 721 659 766 verpe
676 718 788 767 poeta
804 738 815 756 ‚
833 702 937 766 sapis.

94 777 188 822 Illud
207 795 266 822 me
283 776 446 830 cruciat,
463 777 623 842 Solymis
643 778 746 842 quod
769 793 871 824 natus
889 776 925 822 in
949 776 1058 841 ἱρῆς,
1349 796 1369 838 5

160 846 318 894 Paedicas
336 867 490 912 puerum
505 862 650 911 ,verpe
667 866 779 913 poeta
793 884 804 901 ‚
822 867 955 895 meum.

95 921 194 966 Ecce
214 939 324 985 negas
338 956 349 971 ,
367 922 534 985 jurasque
550 922 638 967 mihi
657 940 724 985 per
740 922 878 985 templa
895 921 1087 968 Tonantis.

79 1004 83 1009 '
159 998 254 1043 Non
272 996 386 1044 credo
403 1018 410 1042 :
429 997 507 1060 jura
523 1032 536 1051 ‚
553 1014 666 1062 verpe
683 1032 695 1051 ‚
714 1015 782 1061 per
800 997 1027 1051 Anchialum.

483 1184 630 1232 XCV.
665 1186 713 1230 A
716 1188 748 1231 d
772 1189 983 1232 Flaccum.

105 1294 352 1381 INcmEms
372 1331 518 1394 quoties
538 1332 575 1378 in
597 1332 690 1378 bafia
707 1334 916 1380 fellatorum
933 1369 946 1387 ‚

167 1410 209 1452 In
227 1406 324 1452 solio
343 1421 434 1470 puto
454 1421 490 1452 te
509 1424 678 1471 mergere
694 1443 707 1462 ‚
724 1407 854 1454 Flacce
868 1442 881 1462 ‚
902 1419 1024 1471 caput.'

454 1580 623 1628 XCVI.
655 1580 1022 1628 AcLGemzanum.

108 1694 373 1785 MARnA,
390 1752 466 1780 non
485 1734 657 1788 Rhenus,
676 1735 753 1781 salit
771 1734 832 1781 hic
846 1770 858 1788 ‚
880 1738 1090 1781 Germane:
1112 1732 1198 1799 quld
1221 1733 1364 1787 obstan

173 1807 220 1850 Et
238 1823 390 1868 puerum
408 1806 584 1868 prohibes
601 1806 724 1851 divitis
741 1807 857 1852 imbre
874 1807 1002 1852 lacus?

107 1878 262 1924 Barbare
276 1912 288 1929 ‚
310 1895 387 1923 non
404 1878 538 1931 debet,
555 1880 727 1925 submoto
745 1879 828 1926 cive
843 1916 854 1933 ,
870 1879 1034 1927 ministro

176 1948 368 2013 Captivam
388 1949 514 1996 viRrix
533 1951 629 1996 unda
649 1951 771 1997 levare
789 1950 892 1998 fitlm.

464 2132 650 2180 XCVII.
683 2135 737 2178 Itz
771 2133 1043 2199 leelestllarm

116 2228 268 2316 UNA
287 2268 396 2315 noile
416 2283 543 2332 quater
560 2267 725 2332 possum:
746 2267 808 2314 sed
827 2283 984 2332 quatuor
1001 2267 1104 2314 annis

180 2341 217 2387 Si
234 2342 401 2406 poffim,
419 2360 590 2406 peream,
610 2356 646 2389 te
665 2341 862 2389 Thelefilla
879 2342 1004 2389 semel.
