1716 2927
329 159 423 208 280
582 162 1405 214 SUPPOSITJTIA.

764 337 816 383 11.
851 339 905 381 112
940 342 1115 387 Varum.

327 440 449 533 AD
468 500 611 530 coenam
633 501 751 548 nuper
766 486 882 530 Varus
901 502 961 530 me
981 484 1080 532 forte
1097 484 1268 534 vocavit:

389 558 550 603 Ornatus
567 556 669 604 dives
684 594 695 611 ‚
714 559 861 622 parvula
882 576 986 604 coena
1008 557 1088 605 fuit.

321 630 454 683 Auro,
476 648 553 676 non
572 630 724 694 dapibus
739 666 752 685 ‚
771 630 946 678 oneratur
964 632 1109 678 mensa:
1130 629 1282 678 ministri

388 705 599 766 Apponunt
618 702 734 748 oculis
751 703 906 765 plurima
921 738 932 756 ‚
951 721 1066 766 pauca
1084 703 1195 766 gulae.

323 777 431 822 Tunc
450 793 524 839 ego
536 810 548 828 ‚
566 777 656 821 Non
675 776 807 822 oculos
822 811 834 830 ‚
853 776 915 822 sed
934 791 1099 822 ventrem
1113 810 1124 830 ‚
1142 777 1290 840 pascere
1306 777 1416 826 veni:

391 850 467 894 Aut
484 865 636 912 appone
654 848 765 914 dapes
778 884 792 904 ‚
810 851 909 895 Vare
923 883 936 904 a
956 848 1015 896 vel
1034 848 1138 896 aufer
1156 867 1263 914 opes·

742 1034 815 1080 III.
850 1034 906 1078 In
932 1033 1171 1081 Ponticum.

333 1143 562 1230 Pom-mn
577 1216 590 1235 ‚
607 1198 675 1245 per
690 1199 797 1247 reges
817 1181 1011 1235 discurris,
1032 1181 1073 1228 &
1092 1181 1218 1228 omnia
1235 1181 1382 1229 lustrasz

391 1256 533 1319 Magna
553 1254 705 1317 quidem
727 1255 888 1319 sequeris
903 1290 916 1310 ,
935 1254 1115 1302 Pontice:
1135 1272 1289 1318 magnus
1307 1255 1423 1302 homo
1443 1267 1497 1303 (τες

327 1327 487 1375 Pontice
502 1362 514 1380 ἢ
532 1327 557 1373 fi
578 1346 648 1391 qua
668 1327 756 1375 facis
771 1363 784 1381 ‚
802 1328 878 1376 fine
896 1328 986 1376 teste
1004 1328 1093 1375 sacis
1107 1364 1120 1383 ‚
1137 1327 1213 1375 fine
1233 1330 1336 1375 turba
1352 1350 1364 1383 ;

395 1403 486 1446 Non
507 1401 656 1448 adhibes
675 1402 837 1455 multos,
855 1401 1037 1450 Pontice:
1056 1417 1181 1449 cautus
1199 1401 1315 1449 homo
1337 1421 1389 1450 es.

329 1472 509 1528 Pontice,
529 1489 566 1521 te
586 1475 773 1523 celebrem
793 1477 911 1524 forma
931 1492 1056 1524 natura
1077 1476 1237 1524 creavit:

395 1549 539 1613 Dignus
558 1569 636 1597 eras
653 1551 798 1599 Helena
812 1538 1027 1606 ,Ῥοτιῑίεεε
1049 1552 1204 1617 pulcher
1223 1551 1340 1597 homo
1359 1561 1413 1598 ες.”

329 1621 487 1669 Pontice
502 1658 515 1677 ‚
532 1641 629 1669 voce
648 1638 708 1668 tua
729 1626 850 1685 posses
869 1626 1058 1672 adamanta
1077 1643 1255 1672 movere:

397 1699 485 1743 Vox
504 1710 562 1743 tua
580 1696 689 1742 dulce
710 1696 844 1750 sonat,
863 1696 1046 1756 PQntice:
1069 1697 1186 1741 dulcis
1204 1696 1322 1741 homo
1343 1708 1397 1742 es.'

333 1767 492 1816 Pontice
505 1804 517 1822 ,
535 1768 583 1815 fic
603 1768 696 1815 alios
712 1804 724 1823 ‚
744 1767 792 1815 fic
810 1783 847 1814 te
864 1758 1019 1831 qucque
1037 1768 1176 1830 decipit
1195 1785 1322 1813 error:

399 1841 467 1888 Vis
483 1842 600 1890 dicam
618 1861 746 1891 verum
762 1877 775 1898 ‚
792 1841 979 1890 Pontice?
1001 1841 1120 1888 nullus
1138 1841 1255 1898 homp
1276 1858 1330 1887 es.

764 2025 853 2073 IV)
887 2028 960 2073 De
985 2030 1136 2074 vetula.

343 2139 547 2226 TACTA
564 2178 686 2241 places
703 2215 715 2234 ‚
732 2177 853 2225 audita
874 2178 1020 2242 places:
1043 2177 1068 2223 fi
1088 2194 1164 2224 non
1187 2177 1364 2231 videare3

405 2253 504 2298 Tota
518 2251 641 2315 places
660 2271 669 2298 :
691 2266 826 2300 neutro
842 2287 854 2307 2
873 2251 899 2298 fi
919 2252 1068 2301 videare
1083 2286 1095 2307 ‚
1108 2251 1250 2316 ,placesz

1569 1855 1626 1885 10
