1716 2927
327 128 419 173 134
615 116 681 165 M,
719 115 1387 162 VALMARTA'ALISv

325 219 459 267 Infelix
473 255 483 271 ,
506 220 592 283 quid
612 237 696 284 ages
713 226 725 266 ?
747 237 880 284 aegram
897 217 1079 264 fimulabis
1098 218 1278 272 amicam?

393 294 557 340 Haereb³t
575 294 734 339 dominae
751 293 805 357 vir
824 310 950 339 comes
969 290 1046 355 ipse
1067 291 1139 339 suae
1156 312 1166 341 z,

326 368 397 415 lbit
417 369 454 414 ὃ(
474 368 517 413 ad
538 368 680 414 fratrem
699 359 819 413 tecum
833 402 844 420 ‚
863 382 1091 428 matremque
1108 401 1120 420 ‚
1140 382 1368 431 patremque.

396 445 498 502 Quas
519 440 629 505 igitur
649 441 790 486 fraudes
811 437 1006 498 ingeniosa
1027 445 1159 502 paras?

329 515 441 568 Dicet
458 513 496 560 &
518 513 730 577 hystericam
753 512 790 557 se
808 510 954 557 forfitan
974 511 1088 558 altera
1108 511 1252 561 moecha

397 592 435 633 ln
459 587 676 633 Sinueffano
698 587 796 633 velle
820 587 948 632 sedere
967 586 1059 631 lacu.

331 664 488 722 Quanto
508 677 545 707 tu
567 662 719 707 melius!
741 661 889 727 quoties
906 661 1028 725 placet
1046 660 1098 707 ire
1116 660 1274 708 fututum
1292 697 1306 717 ‚

399 740 496 798 Quae
514 754 641 783 verum
661 736 774 783 mavis
790 736 916 783 dicere
931 771 944 791 ‚
964 736 1086 782 Paulla
1100 771 1112 791 ‚
1133 736 1230 784 viro,

638 915 754 962 VIII.
823 915 897 962 De
923 913 1049 978 basiis
1068 914 1147 974 fici
1163 915 1300 974 pueri.

338 1025 516 1111 LAssA
535 1063 638 1126 quod
658 1063 797 1111 externi
818 1064 952 1128 spirant
970 1064 1208 1127 opobalsama
1228 1064 1381 1121 dranci,

403 1137 536 1183 Ultima
557 1132 659 1200 quod
681 1157 795 1185 curvo
817 1157 898 1201 quae
917 1137 1012 1183 cadit
1033 1156 1116 1183 aura
1135 1157 1249 1186 croco
1263 1173 1277 1193 ,

336 1216 450 1257 Poma
473 1213 576 1274 quod
597 1212 747 1258 hiberna
765 1210 1043 1259 maturescentia
1061 1212 1166 1275 capsa
1180 1248 1193 1267 ‚

406 1286 552 1331 Arbore
570 1286 673 1350 quod
693 1305 802 1333 verna
823 1285 1033 1332 luxuriosus
1052 1303 1141 1348 ager
1155 1320 1170 1339 ‚

335 1363 394 1407 De
417 1363 595 1408 pallatinis
614 1362 778 1409 dominae
797 1363 897 1426 quod
918 1361 1030 1409 serica
1053 1361 1198 1424 praeli5‚'

403 1433 558 1480 Succina
576 1432 738 1497 virginea
756 1433 858 1496 quod
878 1433 1040 1494 regelata
1056 1449 1164 1477 manu
1180 1465 1193 1483 ‚

336 1505 528 1568 Amphora
546 1507 647 1567 quod
672 1506 789 1571 nigri,
810 1506 870 1552 sed
890 1506 1005 1569 longe
1022 1504 1156 1558 fratta,
1174 1503 1347 1558 Falerni;

403 1577 519 1637 Quod
537 1575 598 1638 qui
617 1577 775 1623 Sicanias
793 1578 937 1623 detinet
955 1577 1079 1622 hortus
1097 1594 1186 1640 apes
1200 1611 1212 1628 ‚

338 1650 459 1711 Quod
479 1650 604 1697 Cosmi
627 1649 802 1695 redolent
822 1649 1018 1701 alabastra,
1036 1648 1189 1710 focique
1212 1651 1379 1694 Deorum
1394 1683 1407 1702 ,

405 1724 522 1783 Quod
541 1723 657 1769 modo
681 1722 852 1768 divitibus
871 1722 969 1784 lapsa
990 1740 1132 1768 corona
1153 1723 1289 1768 comis:

336 1795 488 1859 Singula
509 1796 596 1861 quid
613 1795 728 1842 dicam
747 1797 857 1841 ?'non
877 1794 957 1839 sunt
975 1794 1081 1847 satis;
1103 1795 1227 1842 omnia
1247 1796 1382 1844 misce:

401 1871 484 1914 Hoc
501 1868 658 1933 fragrant
679 1867 782 1931 pueri
804 1866 896 1913 basra
914 1884 1020 1912 mane
1042 1866 1129 1913 mei.

335 1940 437 1991 Scire
455 1941 557 2004 cupis
576 1959 712 1988 nomen
729 1948 742 1987 ?
763 1940 810 1986 nil
831 1955 962 2005 praeter
978 1938 1071 1985 bafia
1089 1939 1234 2006 dicamff

397 2013 536 2060 jurasti.
556 2013 707 2062 nimium
724 2013 816 2062 scire
829 2048 843 2069 ,
861 2012 1020 2080 Sabine3
1039 2013 1156 2078 cupis.

1560 455 1616 490 10
