1716 2927
372 166 470 202 '220
631 157 695 201 M.
734 155 896 201 VAL.
932 151 1389 198 MARTIALIS

374 267 522 313 Plus'tus
539 265 685 312 Passeris
701 302 712 320 ,
729 281 790 313 aut
808 266 981 329 superbus
1001 267 1124 310 Anxur
1136 301 1149 319 ‚

373 341 464 385 Nou
483 338 612 385 Phoebi
628 339 715 386 vada
729 375 740 392 ,
757 337 1014 401 principesque
1030 337 1138 399 Baiae.

372 411 557 474 Nusquam
575 426 646 456 tarn
667 409 817 456 nitidum
836 408 942 454 micat
961 407 1146 454 serenum:

375 486 453 530 Lux
473 483 547 548 ipsa
566 484 616 530 est
633 483 684 530 ibi
704 482 857 546 longior
871 517 883 536 ‚
900 480 1056 545 diesque

374 556 492 602 Nullo
511 556 644 602 tardius
662 575 682 602 a
700 556 791 602 loco
808 553 964 601 recedit.

372 629 451 676 Illic
468 630 628 694 Taygeti
650 630 767 677 virent
783 630 927 676 metalla
940 665 955 684 ‚
1007 665 1014 674 .

372 707 419 750 Et
436 720 571 751 certant
590 704 692 751 vario
713 705 851 751 decore
870 705 973 757 saxa,

376 781 474 838 Quae
492 778 608 840 Phryx
623 812 635 830 .,
655 777 693 823 8-1
713 776 820 840 Libys
836 776 941 822 altius
958 775 1117 830 cecidit,

378 852 502 897 Siccos
522 850 665 915 pinguis
686 853 801 914 Onyx
819 848 964 895 anhelat
980 848 1084 894 aestus
1097 883 1112 903 ‚

375 926 420 970 Et
437 923 578 970 flamma
596 924 694 970 tenui
713 924 831 969 calent
848 922 1016 986 Ophitae.

375 997 480 1043 Ritus
497 996 520 1042 fi
540 998 706 1060 placeant
726 995 791 1042 tibi
811 1000 998 1043 Laconum
1014 1031 1027 1050 ‚

378 1073 590 1116 Contentus
606 1084 713 1134 potes
731 1068 834 1116 arido
851 1086 994 1132 vapore
1008 1104 1021 1122 ‚

377 1144 502 1190 Cruda
519 1143 676 1207 Virgine
696 1142 880 1188 Martiave
900 1140 1019 1204 mergi
1036 1160 1049 1194 ·,

378 1222 478 1278 Quae
494 1232 565 1262 tam
585 1216 738 1263 candida
749 1250 762 1269 ‚
780 1230 853 1261 tam
874 1216 1001 1262 serena
1018 1214 1117 1260 lucet
1131 1249 1144 1269 ‚

380 1292 433 1336 Ut
454 1290 570 1335 nullas
588 1287 639 1336 ibi
658 1287 846 1352 suspiceris
865 1287 978 1334 undas
990 1322 1005 1341 ‚

379 1366 426 1409 Et
441 1363 566 1410 credas
583 1380 730 1410 vacuam
749 1360 865 1407 nitere
881 1360 1055 1425 lygdon.

379 1438 471 1482 Non
487 1434 642 1481 attendis
657 1471 668 1489 ‚
687 1433 727 1480 ἃ
745 1452 831 1480 aure
855 1450 912 1480 me
932 1431 1058 1497 supina
1072 1466 1087 1490 ,

378 1511 455 1556 Jam
473 1508 608 1554 dudum
629 1506 726 1569 quasi
743 1506 978 1570 negligenter
994 1504 1109 1552 audis-

379 1580 509 1628 lllotus
527 1578 696 1626 morieris
711 1614 723 1634 ,
741 1577 931 1644 Oppiane.

756 1799 912 1845 XLIII.
947 1801 1027 1846 Ad
1043 1797 1274 1862 Castricum,

387 1937 479 2022 D
484 1989 553 2019 UM
568 1973 634 2019 tibi
653 1972 781 2020 felices
796 1975 1016 2039 indulgent,
1037 1973 1197 2022 CastrIce
1208 2008 1222 2030 ,
1241 1972 1338 2034 Bajae
1355 1990 1367 2016 ε

449 2050 625 2110 Canaque
643 2047 808 2094 sulfureis
826 2049 982 2111 nympha
1002 2064 1145 2096 natatur
1161 2046 1291 2110 aquis:

390 2120 459 2165 Me
479 2118 702 2164 Nomentani
723 2117 941 2164 confirmant
961 2120 1033 2167 otia
1050 2119 1141 2167 ruris
1156 2154 1170 2172 ‚

456 2193 503 2236 Et
523 2190 602 2236 casa
619 2189 810 2253 jugeribus
829 2206 908 2235 non
928 2193 1080 2233 enetos:
1099 2191 1183 2236 suis,

392 2264 463 2309 Hic
482 2261 571 2308 mihi
589 2261 711 2323 Bajaui
729 2261 826 2307 soles
837 2295 850 2314 ,
867 2258 1068 2321 mollisque
1082 2260 1279 2318 Lucrin1153

453 2332 524 2380 Hic
539 2334 666 2380 vestrae
681 2331 769 2380 mihi
787 2333 892 2398 sunt2
910 2330 1070 2380 Castrice
1084 2365 1097 2386 ,
1114 2329 1262 2382 dizitiae.

1608 568 1631 598 1:
1636 566 1663 598 0

1601 931 1664 981 Ἓξ

1602 1294 1666 1330 25
