1716 2927
232 125 244 128 ’
273 142 959 193 ‘EPIGRAMMATUM
991 143 1040 188 L.
1075 141 1166 188 m

79 248 159 313 Qui
178 251 243 300 scit
256 287 268 305 ‚
288 270 397 317 quam
416 251 497 316 quis
514 267 612 299 amet
627 287 638 305 ‚
658 251 722 316 qui
741 269 809 315 per
828 251 1003 298 convivia
1023 252 1158 299 currit:

143 324 292 390 Hirpini
310 341 455 372 veteres
474 324 537 388 qui
557 325 655 371 bene
677 323 784 371 novit
801 342 906 371 avos.

82 397 188 462 Quid
206 405 352 445 narras?
374 398 449 444 hoc
466 397 515 444 est
530 433 542 450 ‚
561 397 635 444 hoc
655 397 706 444 est
722 396 841 444 homo
858 431 870 449 ‚
892 393 1021 442 Cotile
1034 428 1047 448 ‚
1065 394 1215 441 bellus?

149 475 220 519 Res
240 471 455 536 praetricosa
473 470 523 518 est
538 506 550 525 ‚
573 470 705 519 Cotile
720 505 732 525 ‚
750 469 870 516 bellus
888 468 1021 516 homo,

445 655 609 703 LXIV.
644 657 726 701 Ad
753 652 1007 718 Caffiatzum‚

84 766 295 853 SmmAs
315 803 465 850 hilarem
486 802 738 868 navigantium
758 821 909 868 poenam
923 840 937 860 ,

85 878 314 941 Blandasque
334 894 473 935 mortes
486 913 498 931 ‚
517 878 766 942 gaudiumque
789 877 969 932 crudele,

89 953 195 1010 Quas
215 969 326 996 nemo
345 950 535 1013 quondam
553 950 744 996 deserebat
759 949 900 996 auditas
913 985 931 1006 ,

88 1024 213 1069 Fallax
231 1023 377 1086 Ulyffes
398 1022 530 1068 dicitur
549 1022 749 1085 reliquifl'e.

89 1098 181 1142 Non
198 1095 338 1143 miror:
357 1095 450 1141 illud
465 1130 477 1147 ,
500 1095 665 1142 Caffiane
681 1129 694 1149 ,
710 1093 886 1148 mirarem,

11 1170 13 1173 ’
89 1167 127 1216 Si
146 1167 368 1216 fabulantem
387 1167 546 1216 Canium
566 1166 782 1230 reliquisset.

410 1354 555 1400 LXV.
588 1356 669 1400 Ari
695 1353 1040 1397 Diadumenum.
1053 1396 1058 1399 r

187 1524 280 1553 uon
300 1505 410 1570 spirat
427 1521 555 1552 tenera
571 1502 704 1550 malum
722 1501 921 1548 mordente
941 1500 1093 1565 puella,'

162 1580 282 1641 Quod
300 1579 347 1625 de
367 1577 539 1642 Corycio
560 1595 644 1640 quae
662 1574 763 1622 venit
784 1592 870 1621 aura
890 1592 1008 1621 croco
1025 1595 1035 1619 :

94 1655 215 1702 Vinea
232 1653 336 1718 quod
354 1652 482 1717 primis
499 1650 610 1698 floret
627 1667 708 1696 cum
730 1667 819 1695 cana
840 1646 1020 1694 racemis:

162 1726 336 1773 Gramina
356 1725 458 1789 quod
476 1723 678 1777 redolent,
697 1740 779 1785 quae
797 1720 916 1768 modo
937 1718 1068 1785 carpfit
1086 1718 1195 1767 ovis:

98 1800 220 1862 Quod
237 1814 377 1862 myrtus
391 1834 403 1853 ‚
422 1796 526 1861 quod
543 1795 679 1842 meffor
696 1794 810 1840 Arabs
822 1828 834 1847 ‚
854 1792 960 1856 quod
977 1791 1122 1840 succina
1140 1791 1259 1847 trita}

165 1871 326 1917 Pallidus
342 1872 429 1916 Eoo
449 1884 529 1914 ture
547 1866 653 1930 quod
669 1865 765 1929 ignis
788 1864 895 1919 olet;

103 1945 226 1996 Gleba
241 1943 344 2008 quod
361 1942 488 1989 aestivo
506 1940 640 1987 leviter
660 1957 742 1985 cum
760 1937 941 2002 spargitur
960 1937 1076 1985 imbre
1089 1959 1106 1993 ;

170 2016 291 2078 Quod
310 2012 463 2061 madidis
481 2012 597 2059 nardo
614 2011 730 2074 sparsa
748 2027 894 2055 cotona
911 2008 1052 2056 comis:

105 2094 192 2141 Hoc
212 2108 295 2143 tua,
313 2088 410 2135 saeve
429 2104 521 2152 puer
541 2084 795 2137 Diadumene,
813 2082 908 2129 bafia
926 2083 1112 2148 fragranti

174 2163 281 2227 Quid
293 2161 354 2219 ,fi
368 2178 450 2210 tota>
461 2161 568 2212 ‚dares
587 2158 649 2207 illa
667 2157 745 2206 fine
765 2155 929 2206 invidia?

1002 2425 1102 2477 Ha}

1280 149 1373 201 na

1335 2164 1419 2196 10⁷
