1716 2927
291 162 971 213 EPIGRAMMATUM
1001 173 1049 217 L.
1083 174 1149 221 X.

489 336 610 384 CIV.
644 340 725 384 Ad
751 341 914 387 librum.

94 452 136 539 I
160 508 330 539 Non-Ro
353 510 503 547 comm,
525 493 534 538 i
554 494 705 550 libelle,
723 498 858 545 Flacco

86 566 261 631 longum
280 583 347 629 per
367 584 464 613 mare
480 603 492 620 ‚
510 567 570 613 sed
590 567 746 615 faventis
765 572 874 618 undae
887 606 900 625 ‚

87 641 135 684 Et
154 639 259 685 cursu
279 639 375 686 facili
391 674 403 691 ,
423 639 569 703 tuisque
589 642 711 688 ventis

90 714 264 778 Hispanae
284 730 370 778 pete
389 716 608 762 Tarraconis
628 735 741 764 arces.

89 787 197 834 Illinc
218 803 254 834 te
274 805 356 834 rota
374 789 513 843 tollet,
530 789 570 836 ὅτ.
589 790 721 836 ciratus

89 861 213 907 Altam
234 861 383 907 Bilbilin
401 898 413 915 ,
430 863 469 909 &
487 879 586 910 tunm
605 865 780 911 Salonem

90 935 242 995 Quinto
266 937 414 982 forsitan
434 937 560 982 effedo
581 937 737 983 videbis.

89 1006 194 1067 Quid
214 1009 382 1053 mandem
407 1008 471 1054 tibi
488 1045 500 1062 ‚
519 1009 679 1072 quaeris?
702 1025 742 1056 ut
762 1010 906 1060 sodales

88 1083 231 1126 Paucos
244 1116 256 1133 ‚
275 1081 336 1127 sed
356 1097 498 1128 veteres
511 1118 523 1135 ,
544 1081 583 1129 ὅ(
601 1100 686 1128 ante
705 1082 849 1132 brumas

88 1151 259 1214 Triginta
282 1151 369 1199 mihi
391 1169 625 1216 quatuorque
643 1153 740 1201 visos

87 1223 167 1286 Ipsa
183 1223 353 1286 protinus
371 1244 391 1270 a
411 1226 471 1271 via
492 1226 622 1272 salutes
638 1261 651 1280 ‚

89 1299 137 1342 Et
159 1297 317 1342 nostrum
334 1298 532 1344 admoneas
549 1299 702 1345 subinde
723 1299 919 1356 Flaccum-J

87 1370 276 1416 Iucundos
294 1370 384 1416 mihi
405 1389 471 1417 nec
489 1371 697 1418 laboriosos

89 1444 254 1489 Seceffus
270 1444 392 1506 pretio
414 1461 516 1508 paret
535 1446 694 1499 salubri,
749 1438 756 1445 ¹

86 1516 166 1577 Qui
183 1517 329 1580 pigrum
347 1518 480 1565 faciant
498 1536 599 1566 tuum
621 1535 826 1583 parentem.

87 1591 178 1634 Haec
196 1589 290 1637 sunt.
310 1591 381 1651 jam
399 1591 555 1638 tumidus
571 1608 681 1639 vocat
696 1593 892 1657 magister‚'

87 1662 323 1726 Castigatque
343 1683 463 1711 moras
479 1686 491 1719 ;
509 1665 548 1712 δι
569 1685 654 1712 aura
673 1684 824 1729 portum

87 1734 238 1780 Laxavit
255 1735 402 1781 melior.
423 1736 506 1783 vale
521 1773 533 1789 ,
554 1737 706 1784 libelle:

87 1807 230 1854 Navem
245 1842 257 1861 ‚
277 1808 344 1854 scis
359 1826 454 1873 puto
467 1845 479 1865 ,
499 1829 575 1858 non
595 1827 759 1858 moratur
778 1828 884 1858 unus.·

186 2437 418 2487 ⁴Martialis.
447 2442 542 2486 Vol.
568 2441 631 2486 II.
697 2474 707 2487 i

1280 184 1304 222 '1
1317 192 1377 243 29

1318 1177 1373 1207 10

1312 1543 1390 1588 15,
