<?xml version="1.0" encoding="UTF-8"?>
<!DOCTYPE html PUBLIC "-//W3C//DTD XHTML 1.0 Transitional//EN"
    "http://www.w3.org/TR/xhtml1/DTD/xhtml1-transitional.dtd">
<html xmlns="http://www.w3.org/1999/xhtml" xml:lang="en" lang="en">
 <head>
  <title>
</title>
<meta http-equiv="Content-Type" content="text/html;charset=utf-8" />
  <meta name='ocr-system' content='tesseract 3.04.00' />
  <meta name='ocr-capabilities' content='ocr_page ocr_carea ocr_par ocr_line ocrx_word'/>
</head>
<body>
  <div class='ocr_page' id='page_1' title='image "./epigrammataadopt00martuoft_0459.png"; bbox 0 0 1716 2927; ppageno 0'>
   <div class='ocr_carea' id='block_1_1' title="bbox 218 158 1078 211">
    <p class='ocr_par' dir='ltr' id='par_1_1' title="bbox 218 158 1078 211">
     <span class='ocr_line' id='line_1_1' title="bbox 218 158 1078 211; baseline -0.007 0"><span class='ocrx_word' id='word_1_1' title='bbox 218 159 897 211; x_wconf 79' lang='lat' dir='ltr'><em>EPIGRAMMATUM</em></span> <span class='ocrx_word' id='word_1_2' title='bbox 930 161 976 206; x_wconf 88' lang='lat' dir='ltr'>L.</span> <span class='ocrx_word' id='word_1_3' title='bbox 1009 158 1078 205; x_wconf 75' lang='lat' dir='ltr'>X.</span> 
     </span>
    </p>
   </div>
   <div class='ocr_carea' id='block_1_2' title="bbox 401 345 923 395">
    <p class='ocr_par' dir='ltr' id='par_1_2' title="bbox 401 345 923 395">
     <span class='ocr_line' id='line_1_2' title="bbox 401 345 923 395; baseline -0.006 0"><span class='ocrx_word' id='word_1_4' title='bbox 401 345 606 395; x_wconf 77' lang='lat' dir='ltr'>XCVIII.</span> <span class='ocrx_word' id='word_1_5' title='bbox 640 348 694 392; x_wconf 83' lang='lat' dir='ltr'>In</span> <span class='ocrx_word' id='word_1_6' title='bbox 711 347 923 393; x_wconf 79' lang='lat' dir='ltr'><em>Publium.</em></span> 
     </span>
    </p>
   </div>
   <div class='ocr_carea' id='block_1_3' title="bbox 47 444 893 618">
    <p class='ocr_par' dir='ltr' id='par_1_3' title="bbox 47 444 893 618">
     <span class='ocr_line' id='line_1_3' title="bbox 47 444 893 542; baseline -0.002 -6"><span class='ocrx_word' id='word_1_7' title='bbox 47 444 260 542; x_wconf 77' lang='lat' dir='ltr'>ADDAT</span> <span class='ocrx_word' id='word_1_8' title='bbox 279 508 361 537; x_wconf 88' lang='lat' dir='ltr'>cum</span> <span class='ocrx_word' id='word_1_9' title='bbox 380 490 467 536; x_wconf 77' lang='lat' dir='ltr'>mihi</span> <span class='ocrx_word' id='word_1_10' title='bbox 489 489 688 536; x_wconf 82' lang='lat' dir='ltr'>Caecubum</span> <span class='ocrx_word' id='word_1_11' title='bbox 708 487 866 535; x_wconf 75' lang='lat' dir='ltr'>minister</span> <span class='ocrx_word' id='word_1_12' title='bbox 878 520 893 542; x_wconf 90' lang='lat'>‚</span> 
     </span>
     <span class='ocr_line' id='line_1_4' title="bbox 47 563 564 618; baseline -0.004 -8"><span class='ocrx_word' id='word_1_13' title='bbox 47 565 151 611; x_wconf 85' lang='lat' dir='ltr'>ldaeo</span> <span class='ocrx_word' id='word_1_14' title='bbox 173 563 371 610; x_wconf 79' lang='lat' dir='ltr'>resolutior</span> <span class='ocrx_word' id='word_1_15' title='bbox 390 563 536 609; x_wconf 82' lang='lat' dir='ltr'>cinaedo</span> <span class='ocrx_word' id='word_1_16' title='bbox 551 599 564 618; x_wconf 92' lang='lat'><strong>‚</strong></span> 
     </span>
    </p>
   </div>
   <div class='ocr_carea' id='block_1_4' title="bbox 46 638 808 1064">
    <p class='ocr_par' dir='ltr' id='par_1_4' title="bbox 46 638 808 1064">
     <span class='ocr_line' id='line_1_5' title="bbox 46 638 728 700; baseline -0.006 -15"><span class='ocrx_word' id='word_1_17' title='bbox 46 641 141 700; x_wconf 78' lang='lat' dir='ltr'>Quo</span> <span class='ocrx_word' id='word_1_18' title='bbox 164 657 231 684; x_wconf 89' lang='lat' dir='ltr'>nec</span> <span class='ocrx_word' id='word_1_19' title='bbox 250 639 323 684; x_wconf 78' lang='lat' dir='ltr'>filia</span> <span class='ocrx_word' id='word_1_20' title='bbox 342 638 478 684; x_wconf 86' lang='lat' dir='ltr'>cultior</span> <span class='ocrx_word' id='word_1_21' title='bbox 492 673 503 691; x_wconf 87' lang='lat'>,</span> <span class='ocrx_word' id='word_1_22' title='bbox 524 654 592 683; x_wconf 90' lang='lat' dir='ltr'>nec</span> <span class='ocrx_word' id='word_1_23' title='bbox 608 653 728 689; x_wconf 79' lang='lat' dir='ltr'>uxor,</span> 
     </span>
     <span class='ocr_line' id='line_1_6' title="bbox 48 704 801 765; baseline -0.008 -8"><span class='ocrx_word' id='word_1_24' title='bbox 48 713 132 757; x_wconf 86' lang='lat' dir='ltr'>Nec</span> <span class='ocrx_word' id='word_1_25' title='bbox 149 727 265 758; x_wconf 87' lang='lat' dir='ltr'>mater</span> <span class='ocrx_word' id='word_1_26' title='bbox 281 727 339 757; x_wconf 82' lang='lat' dir='ltr'>tua</span> <span class='ocrx_word' id='word_1_27' title='bbox 353 746 366 765; x_wconf 81' lang='lat'><em>‚</em></span> <span class='ocrx_word' id='word_1_28' title='bbox 388 727 456 755; x_wconf 86' lang='lat' dir='ltr'>nec</span> <span class='ocrx_word' id='word_1_29' title='bbox 476 709 583 754; x_wconf 88' lang='lat' dir='ltr'>soror</span> <span class='ocrx_word' id='word_1_30' title='bbox 599 704 801 754; x_wconf 80' lang='lat' dir='ltr'><strong>recumbit:</strong></span> 
     </span>
     <span class='ocr_line' id='line_1_7' title="bbox 47 782 736 848; baseline -0.007 -18"><span class='ocrx_word' id='word_1_31' title='bbox 47 785 114 830; x_wconf 83' lang='lat' dir='ltr'>Vis</span> <span class='ocrx_word' id='word_1_32' title='bbox 133 783 292 848; x_wconf 71' lang='lat' dir='ltr'>spe&amp;em</span> <span class='ocrx_word' id='word_1_33' title='bbox 310 782 436 847; x_wconf 81' lang='lat' dir='ltr'>potius</span> <span class='ocrx_word' id='word_1_34' title='bbox 452 798 529 828; x_wconf 87' lang='lat' dir='ltr'>tuas</span> <span class='ocrx_word' id='word_1_35' title='bbox 548 782 709 827; x_wconf 81' lang='lat' dir='ltr'>lacernas</span> <span class='ocrx_word' id='word_1_36' title='bbox 722 812 736 833; x_wconf 78' lang='grc'>,</span> 
     </span>
     <span class='ocr_line' id='line_1_8' title="bbox 49 855 808 920; baseline -0.007 -16"><span class='ocrx_word' id='word_1_37' title='bbox 49 861 98 904; x_wconf 84' lang='lat' dir='ltr'>Et</span> <span class='ocrx_word' id='word_1_38' title='bbox 114 857 246 904; x_wconf 81' lang='lat' dir='ltr'>citrum</span> <span class='ocrx_word' id='word_1_39' title='bbox 267 872 369 904; x_wconf 85' lang='lat' dir='ltr'>vetus</span> <span class='ocrx_word' id='word_1_40' title='bbox 384 893 397 911; x_wconf 81' lang='lat'>‚</span> <span class='ocrx_word' id='word_1_41' title='bbox 413 856 636 920; x_wconf 77' lang='lat' dir='ltr'>Indicosque</span> <span class='ocrx_word' id='word_1_42' title='bbox 652 855 808 901; x_wconf 86' lang='lat' dir='ltr'>dentes?</span> 
     </span>
     <span class='ocr_line' id='line_1_9' title="bbox 50 928 791 994; baseline -0.004 -18"><span class='ocrx_word' id='word_1_43' title='bbox 50 929 245 994; x_wconf 67' lang='lat' dir='ltr'>SuspeElus</span> <span class='ocrx_word' id='word_1_44' title='bbox 264 928 331 975; x_wconf 81' lang='lat' dir='ltr'>tibi</span> <span class='ocrx_word' id='word_1_45' title='bbox 349 947 396 975; x_wconf 92' lang='lat' dir='ltr'>ne</span> <span class='ocrx_word' id='word_1_46' title='bbox 415 944 534 974; x_wconf 82' lang='lat' dir='ltr'>tamen</span> <span class='ocrx_word' id='word_1_47' title='bbox 555 928 761 986; x_wconf 79' lang='lat' dir='ltr'>recumbam</span> <span class='ocrx_word' id='word_1_48' title='bbox 777 961 791 981; x_wconf 92' lang='lat'>‚</span> 
     </span>
     <span class='ocr_line' id='line_1_10' title="bbox 53 998 746 1064; baseline -0.004 -16"><span class='ocrx_word' id='word_1_49' title='bbox 53 1001 181 1048; x_wconf 83' lang='lat' dir='ltr'>Praesta</span> <span class='ocrx_word' id='word_1_50' title='bbox 197 1001 245 1046; x_wconf 90' lang='lat' dir='ltr'>de</span> <span class='ocrx_word' id='word_1_51' title='bbox 264 1017 379 1064; x_wconf 82' lang='lat' dir='ltr'>grege</span> <span class='ocrx_word' id='word_1_52' title='bbox 391 1036 402 1053; x_wconf 77' lang='grc'><em>,</em></span> <span class='ocrx_word' id='word_1_53' title='bbox 420 1000 639 1063; x_wconf 79' lang='lat' dir='ltr'>sordidaque</span> <span class='ocrx_word' id='word_1_54' title='bbox 658 998 746 1045; x_wconf 86' lang='lat' dir='ltr'>villa</span> 
     </span>
    </p>
   </div>
   <div class='ocr_carea' id='block_1_5' title="bbox 52 1069 883 1355">
    <p class='ocr_par' dir='ltr' id='par_1_5' title="bbox 52 1069 808 1194">
     <span class='ocr_line' id='line_1_11' title="bbox 52 1069 808 1138; baseline -0.003 -17"><span class='ocrx_word' id='word_1_55' title='bbox 52 1075 202 1121; x_wconf 82' lang='lat' dir='ltr'>Tonsos</span> <span class='ocrx_word' id='word_1_56' title='bbox 217 1111 228 1128; x_wconf 85' lang='lat'><strong>‚</strong></span> <span class='ocrx_word' id='word_1_57' title='bbox 247 1075 460 1121; x_wconf 80' lang='lat' dir='ltr'>horridulos</span> <span class='ocrx_word' id='word_1_58' title='bbox 475 1111 487 1129; x_wconf 85' lang='lat'>‚</span> <span class='ocrx_word' id='word_1_59' title='bbox 501 1075 608 1120; x_wconf 84' lang='lat' dir='ltr'>rudes</span> <span class='ocrx_word' id='word_1_60' title='bbox 620 1109 633 1128; x_wconf 87' lang='lat'>‚</span> <span class='ocrx_word' id='word_1_61' title='bbox 654 1069 808 1138; x_wconf 55' lang='lat' dir='ltr'>p&#39;ufillos</span> 
     </span>
     <span class='ocr_line' id='line_1_12' title="bbox 53 1146 590 1194; baseline 0 0"><span class='ocrx_word' id='word_1_62' title='bbox 53 1146 198 1194; x_wconf 73' lang='lat' dir='ltr'>Hircofi</span> <span class='ocrx_word' id='word_1_63' title='bbox 216 1147 305 1193; x_wconf 77' lang='lat' dir='ltr'>mihi</span> <span class='ocrx_word' id='word_1_64' title='bbox 320 1147 419 1194; x_wconf 71' lang='lat' dir='ltr'>frlios</span> <span class='ocrx_word' id='word_1_65' title='bbox 437 1146 590 1194; x_wconf 79' lang='lat' dir='ltr'>subulci.</span> 
     </span>
    </p>

    <p class='ocr_par' dir='ltr' id='par_1_6' title="bbox 53 1217 883 1355">
     <span class='ocr_line' id='line_1_13' title="bbox 53 1217 818 1282; baseline -0.003 -17"><span class='ocrx_word' id='word_1_66' title='bbox 53 1219 190 1265; x_wconf 85' lang='lat' dir='ltr'>Perdet</span> <span class='ocrx_word' id='word_1_67' title='bbox 209 1235 244 1265; x_wconf 88' lang='lat' dir='ltr'>te</span> <span class='ocrx_word' id='word_1_68' title='bbox 263 1220 385 1282; x_wconf 88' lang='lat' dir='ltr'>pudor</span> <span class='ocrx_word' id='word_1_69' title='bbox 403 1219 482 1265; x_wconf 81' lang='lat' dir='ltr'>hic:</span> <span class='ocrx_word' id='word_1_70' title='bbox 504 1219 638 1266; x_wconf 87' lang='lat' dir='ltr'>habere</span> <span class='ocrx_word' id='word_1_71' title='bbox 651 1254 663 1272; x_wconf 89' lang='lat'>‚</span> <span class='ocrx_word' id='word_1_72' title='bbox 682 1217 785 1265; x_wconf 82' lang='lat' dir='ltr'>Publi</span> <span class='ocrx_word' id='word_1_73' title='bbox 805 1252 818 1271; x_wconf 85' lang='lat'>‚</span> 
     </span>
     <span class='ocr_line' id='line_1_14' title="bbox 57 1290 883 1355; baseline -0.004 -17"><span class='ocrx_word' id='word_1_74' title='bbox 57 1294 192 1338; x_wconf 87' lang='lat' dir='ltr'>Mores</span> <span class='ocrx_word' id='word_1_75' title='bbox 212 1309 286 1339; x_wconf 88' lang='lat' dir='ltr'>non</span> <span class='ocrx_word' id='word_1_76' title='bbox 303 1307 413 1355; x_wconf 86' lang='lat' dir='ltr'>potes</span> <span class='ocrx_word' id='word_1_77' title='bbox 430 1291 499 1338; x_wconf 89' lang='lat' dir='ltr'>hos</span> <span class='ocrx_word' id='word_1_78' title='bbox 512 1326 524 1345; x_wconf 91' lang='lat'>‚</span> <span class='ocrx_word' id='word_1_79' title='bbox 544 1291 583 1338; x_wconf 76' lang='grc' dir='ltr'>δι</span> <span class='ocrx_word' id='word_1_80' title='bbox 602 1291 670 1338; x_wconf 86' lang='lat' dir='ltr'>hos</span> <span class='ocrx_word' id='word_1_81' title='bbox 689 1290 883 1336; x_wconf 76' lang='lat' dir='ltr'>ministros.</span> 
     </span>
    </p>
   </div>
   <div class='ocr_carea' id='block_1_6' title="bbox 777 1391 785 1417">
    <p class='ocr_par' dir='ltr' id='par_1_7' title="bbox 777 1391 785 1417">
     <span class='ocr_line' id='line_1_15' title="bbox 777 1391 785 1417; baseline 0 0"><span class='ocrx_word' id='word_1_82' title='bbox 777 1391 785 1417; x_wconf 57' lang='grc' dir='ltr'>ἓ</span> 
     </span>
    </p>
   </div>
   <div class='ocr_carea' id='block_1_7' title="bbox 363 1465 1018 1528">
    <p class='ocr_par' dir='ltr' id='par_1_8' title="bbox 363 1465 1018 1528">
     <span class='ocr_line' id='line_1_16' title="bbox 363 1465 1018 1528; baseline 0.006 -16"><span class='ocrx_word' id='word_1_83' title='bbox 363 1465 533 1512; x_wconf 89' lang='lat' dir='ltr'>XClX.</span> <span class='ocrx_word' id='word_1_84' title='bbox 570 1466 645 1511; x_wconf 87' lang='lat' dir='ltr'>De</span> <span class='ocrx_word' id='word_1_85' title='bbox 653 1467 796 1528; x_wconf 78' lang='lat' dir='ltr'>figura</span> <span class='ocrx_word' id='word_1_86' title='bbox 819 1469 1018 1523; x_wconf 76' lang='lat' dir='ltr'>Socratis.</span> 
     </span>
    </p>
   </div>
   <div class='ocr_carea' id='block_1_8' title="bbox 62 1577 1001 1752">
    <p class='ocr_par' dir='ltr' id='par_1_9' title="bbox 62 1577 1001 1752">
     <span class='ocr_line' id='line_1_17' title="bbox 62 1577 1001 1671; baseline 0.002 -10"><span class='ocrx_word' id='word_1_87' title='bbox 62 1577 133 1665; x_wconf 81' lang='lat' dir='ltr'>SI</span> <span class='ocrx_word' id='word_1_88' title='bbox 153 1619 315 1662; x_wconf 84' lang='lat' dir='ltr'>Romana</span> <span class='ocrx_word' id='word_1_89' title='bbox 334 1613 461 1662; x_wconf 84' lang='lat' dir='ltr'>forent</span> <span class='ocrx_word' id='word_1_90' title='bbox 478 1614 557 1661; x_wconf 86' lang='lat' dir='ltr'>haec</span> <span class='ocrx_word' id='word_1_91' title='bbox 574 1614 729 1662; x_wconf 71' lang='lat' dir='ltr'>Socratis</span> <span class='ocrx_word' id='word_1_92' title='bbox 748 1633 836 1671; x_wconf 83' lang='lat' dir='ltr'>ora,</span> <span class='ocrx_word' id='word_1_93' title='bbox 855 1615 1001 1664; x_wconf 73' lang='lat' dir='ltr'>fuissent</span> 
     </span>
     <span class='ocr_line' id='line_1_18' title="bbox 126 1685 863 1752; baseline 0.001 -18"><span class='ocrx_word' id='word_1_94' title='bbox 126 1687 236 1734; x_wconf 75' lang='lat' dir='ltr'>Julius</span> <span class='ocrx_word' id='word_1_95' title='bbox 256 1686 292 1734; x_wconf 85' lang='lat' dir='ltr'>in</span> <span class='ocrx_word' id='word_1_96' title='bbox 312 1685 448 1752; x_wconf 78' lang='lat' dir='ltr'>Satyris</span> <span class='ocrx_word' id='word_1_97' title='bbox 468 1687 588 1750; x_wconf 81' lang='lat' dir='ltr'>qualia</span> <span class='ocrx_word' id='word_1_98' title='bbox 609 1687 722 1734; x_wconf 82' lang='lat' dir='ltr'>Rufus</span> <span class='ocrx_word' id='word_1_99' title='bbox 742 1688 863 1735; x_wconf 85' lang='lat' dir='ltr'>habet.</span> 
     </span>
    </p>
   </div>
   <div class='ocr_carea' id='block_1_9' title="bbox 262 1872 1135 1939">
    <p class='ocr_par' dir='ltr' id='par_1_10' title="bbox 262 1872 1135 1939">
     <span class='ocr_line' id='line_1_19' title="bbox 262 1872 1135 1939; baseline 0.008 -22"><span class='ocrx_word' id='word_1_100' title='bbox 262 1872 319 1918; x_wconf 84' lang='lat' dir='ltr'>C.</span> <span class='ocrx_word' id='word_1_101' title='bbox 354 1874 405 1918; x_wconf 81' lang='lat' dir='ltr'>In</span> <span class='ocrx_word' id='word_1_102' title='bbox 424 1874 743 1935; x_wconf 75' lang='lat' dir='ltr'>commzscentem</span> <span class='ocrx_word' id='word_1_103' title='bbox 758 1876 894 1937; x_wconf 77' lang='lat' dir='ltr'>vetfics</span> <span class='ocrx_word' id='word_1_104' title='bbox 913 1878 1023 1937; x_wconf 81' lang='lat' dir='ltr'>operi</span> <span class='ocrx_word' id='word_1_105' title='bbox 1033 1878 1135 1939; x_wconf 63' lang='lat' dir='ltr'>fiam</span> 
     </span>
    </p>
   </div>
   <div class='ocr_carea' id='block_1_10' title="bbox 67 1972 1010 2443">
    <p class='ocr_par' dir='ltr' id='par_1_11' title="bbox 68 1972 1010 2146">
     <span class='ocr_line' id='line_1_20' title="bbox 68 1972 1010 2080; baseline 0.005 -25"><span class='ocrx_word' id='word_1_106' title='bbox 68 1972 238 2080; x_wconf 80' lang='lat' dir='ltr'>Qum</span> <span class='ocrx_word' id='word_1_107' title='bbox 254 2044 265 2063; x_wconf 91' lang='lat'><strong>‚</strong></span> <span class='ocrx_word' id='word_1_108' title='bbox 282 2009 385 2055; x_wconf 89' lang='lat' dir='ltr'>stulte</span> <span class='ocrx_word' id='word_1_109' title='bbox 397 2045 408 2063; x_wconf 91' lang='lat'>‚</span> <span class='ocrx_word' id='word_1_110' title='bbox 430 2008 559 2056; x_wconf 83' lang='lat' dir='ltr'>nostris</span> <span class='ocrx_word' id='word_1_111' title='bbox 575 2009 736 2057; x_wconf 77' lang='lat' dir='ltr'>versrbus</span> <span class='ocrx_word' id='word_1_112' title='bbox 754 2026 838 2058; x_wconf 78' lang='lat' dir='ltr'>tuos</span> <span class='ocrx_word' id='word_1_113' title='bbox 854 2011 1010 2062; x_wconf 75' lang='lat' dir='ltr'>misces?</span> 
     </span>
     <span class='ocr_line' id='line_1_21' title="bbox 69 2081 859 2146; baseline 0 -16"><span class='ocrx_word' id='word_1_114' title='bbox 69 2086 166 2130; x_wconf 90' lang='lat' dir='ltr'>Cum</span> <span class='ocrx_word' id='word_1_115' title='bbox 183 2082 350 2146; x_wconf 75' lang='lat' dir='ltr'>litigante</span> <span class='ocrx_word' id='word_1_116' title='bbox 369 2082 454 2146; x_wconf 69' lang='lat' dir='ltr'>quid</span> <span class='ocrx_word' id='word_1_117' title='bbox 473 2081 536 2128; x_wconf 73' lang='lat' dir='ltr'>tibi</span> <span class='ocrx_word' id='word_1_118' title='bbox 553 2117 564 2135; x_wconf 81' lang='lat'>‚</span> <span class='ocrx_word' id='word_1_119' title='bbox 585 2082 716 2138; x_wconf 78' lang='lat' dir='ltr'>miser,</span> <span class='ocrx_word' id='word_1_120' title='bbox 733 2084 829 2130; x_wconf 72' lang='lat' dir='ltr'>libro</span> <span class='ocrx_word' id='word_1_121' title='bbox 846 2092 859 2130; x_wconf 84' lang='lat'>?</span> 
     </span>
    </p>

    <p class='ocr_par' dir='ltr' id='par_1_12' title="bbox 67 2154 928 2369">
     <span class='ocr_line' id='line_1_22' title="bbox 67 2154 882 2220; baseline 0.004 -20"><span class='ocrx_word' id='word_1_122' title='bbox 67 2155 176 2216; x_wconf 76' lang='lat' dir='ltr'>Quid</span> <span class='ocrx_word' id='word_1_123' title='bbox 194 2173 420 2219; x_wconf 76' lang='lat' dir='ltr'>congregare</span> <span class='ocrx_word' id='word_1_124' title='bbox 437 2172 517 2199; x_wconf 89' lang='lat' dir='ltr'>cum</span> <span class='ocrx_word' id='word_1_125' title='bbox 538 2154 709 2202; x_wconf 79' lang='lat' dir='ltr'>leonibus</span> <span class='ocrx_word' id='word_1_126' title='bbox 727 2157 882 2220; x_wconf 83' lang='lat' dir='ltr'>vulpes,</span> 
     </span>
     <span class='ocr_line' id='line_1_23' title="bbox 72 2229 928 2294; baseline 0.005 -18"><span class='ocrx_word' id='word_1_127' title='bbox 72 2229 292 2292; x_wconf 72' lang='lat' dir='ltr'>,Aquilisque</span> <span class='ocrx_word' id='word_1_128' title='bbox 311 2229 441 2275; x_wconf 78' lang='lat' dir='ltr'>fimiles</span> <span class='ocrx_word' id='word_1_129' title='bbox 461 2229 580 2275; x_wconf 81' lang='lat' dir='ltr'>facere</span> <span class='ocrx_word' id='word_1_130' title='bbox 602 2229 750 2276; x_wconf 69' lang='lat' dir='ltr'>noftuas</span> <span class='ocrx_word' id='word_1_131' title='bbox 772 2232 928 2294; x_wconf 56' lang='lat' dir='ltr'>quaeris?</span> 
     </span>
     <span class='ocr_line' id='line_1_24' title="bbox 73 2303 826 2369; baseline 0.005 -21"><span class='ocrx_word' id='word_1_132' title='bbox 73 2303 214 2349; x_wconf 80' lang='lat' dir='ltr'>Habeas</span> <span class='ocrx_word' id='word_1_133' title='bbox 231 2303 356 2350; x_wconf 74' lang='lat' dir='ltr'>licebit</span> <span class='ocrx_word' id='word_1_134' title='bbox 373 2305 522 2351; x_wconf 82' lang='lat' dir='ltr'>alterum</span> <span class='ocrx_word' id='word_1_135' title='bbox 541 2305 672 2369; x_wconf 87' lang='lat' dir='ltr'>pedem</span> <span class='ocrx_word' id='word_1_136' title='bbox 695 2305 798 2352; x_wconf 80' lang='lat' dir='ltr'>Ladae</span> <span class='ocrx_word' id='word_1_137' title='bbox 811 2342 826 2363; x_wconf 86' lang='lat'>‚</span> 
     </span>
    </p>

    <p class='ocr_par' dir='ltr' id='par_1_13' title="bbox 74 2377 788 2443">
     <span class='ocr_line' id='line_1_25' title="bbox 74 2377 788 2443; baseline 0.004 -20"><span class='ocrx_word' id='word_1_138' title='bbox 74 2381 205 2441; x_wconf 80' lang='lat' dir='ltr'>Inepte</span> <span class='ocrx_word' id='word_1_139' title='bbox 217 2411 229 2430; x_wconf 88' lang='lat'><strong>‚</strong></span> <span class='ocrx_word' id='word_1_140' title='bbox 246 2377 368 2426; x_wconf 81' lang='lat' dir='ltr'>frustra</span> <span class='ocrx_word' id='word_1_141' title='bbox 385 2396 489 2426; x_wconf 81' lang='lat' dir='ltr'>crure</span> <span class='ocrx_word' id='word_1_142' title='bbox 507 2377 636 2443; x_wconf 83' lang='lat' dir='ltr'>ligneo</span> <span class='ocrx_word' id='word_1_143' title='bbox 654 2396 788 2427; x_wconf 81' lang='lat' dir='ltr'>curres.</span> 
     </span>
    </p>
   </div>
   <div class='ocr_carea' id='block_1_11' title="bbox 1233 168 1323 220">
    <p class='ocr_par' dir='ltr' id='par_1_14' title="bbox 1233 168 1323 220">
     <span class='ocr_line' id='line_1_26' title="bbox 1233 168 1323 220; baseline 0.022 -16"><span class='ocrx_word' id='word_1_144' title='bbox 1233 168 1323 220; x_wconf 72' lang='grc' dir='ltr'>ιη</span> 
     </span>
    </p>
   </div>
  </div>
 </body>
</html>
