1716 2927
311 152 377 189 xL
456 145 603 192 NOT.
623 142 737 194 LIT.
757 147 855 192 DE
871 146 937 194 M.
957 149 1096 194 VAL.
1118 146 1454 200 MARTIALI.

467 250 644 301 relinquit
673 250 720 290 01.
761 251 804 290 G.
839 250 879 291 E.
917 250 1120 304 Lffngius.
1159 253 1209 291 cf.
1244 265 1377 292 eorum
1420 255 1521 304 Opp.
1555 257 1591 295 δέ

470 305 748 345 (30110οἩοηοῐη
780 305 1062 355 praecipuorum
1101 306 1426 356 Epigrammatum
1462 308 1590 349 Germ.

473 359 592 411 Rigae.
624 360 736 411 1766.
763 359 799 398 8.

305 427 503 482 Hispanice
525 428 710 468 nonnulla
732 427 919 468 Martialis
945 428 1226 479 Epigrammata
1251 431 1522 481 interpretatus
1538 433 1590 472 est

464 482 648 523 Emanuel
683 485 723 521 de
757 484 910 525 salines.
936 483 985 522 cf.
1017 483 1185 523 Lorentii
1227 486 1395 524 Graciani
1420 487 1508 526 Arte
1541 487 1589 526 de

463 537 636 589 Ingenio.

303 615 458 656 Graecum
483 617 577 656 fecit
601 615 818 657 Martialem
843 616 918 665 Jos.
949 616 1106 668 Scaliger
1131 618 1170 654 in
1197 616 1402 667 florilegio
1433 618 1590 659 Martia.

386 671 392 676 ’
462 671 531 720 lis,
557 672 662 711 edito
688 670 736 711 ab
760 671 804 710 Is.
841 672 1043 724 Cafizuhono
1070 670 1180 709 Paris.
1214 673 1322 719 1607.
1351 685 1426 722 quo
1463 672 1587 713 Libel-

460 725 519 765 lus
547 725 882 776 daspeeiaculis,
907 724 988 764 Lib.
1015 724 1111 763 XIII
1143 726 1178 763 Sc
1212 725 1305 763 XIV
1333 726 1454 765 ferme
1485 728 1583 766 inte-

459 780 543 831 gri,
570 782 603 820 Sc
637 793 685 818 ex
717 780 847 818 ceteris
882 778 1088 818 duodecim
1126 777 1230 816 libris
1259 778 1586 830 Epigrammatum

458 834 546 873 satis
573 846 733 884 magnus
763 846 943 872 numerus
978 831 1327 882 comprehenditur.
1371 835 1468 883 Quae
1503 836 1586 886 qui-

459 889 550 928 dem
573 901 687 938 opera
720 887 883 927 Martiali
909 887 1031 926 locata
1055 899 1075 924 a
1096 885 1288 937 Scaligero
1306 917 1316 935 ‚
1341 886 1517 927 laudatur
1547 891 1585 929 ἅτ

457 943 497 981 in
531 942 677 982 coelum
712 941 867 980 effertur
895 954 917 980 a
944 938 1200 985 casaubono,
1229 939 1294 979 sed
1328 943 1465 980 merito
1498 956 1581 993 per-

457 996 650 1046 stringitur
681 999 910 1046 a-Monnoyo
942 995 980 1032 in
1010 995 1249 1044 Menagianis
1275 995 1321 1035 T.
1351 995 1380 1035 I.
1413 1010 1449 1046 p.
1491 1009 1583 1049 325-
1645 1011 1647 1013 ’

460 1051 547 1102 336.
574 1051 634 1089 ed.
665 1049 771 1090 Paris.
801 1049 941 1088 Inserta
971 1049 1086 1086 etiam
1117 1049 1353 1097 reperiuntur
1380 1048 1462 1088 liaec
1488 1050 1583 1099 Epi-

456 1112 667 1153 grammata
696 1104 736 1142 in
771 1105 915 1152 majore
953 1103 1125 1141 editione
1166 1102 1323 1142 931·ῐῇηῆ
1362 1104 1579 1154 Martialis,

455 1170 546 1197 cum
571 1157 652 1197 aliis
680 1157 849 1206 ejusdem
873 1156 1218 1207 Epigrammzitffius
1237 1170 1256 1194 a
1279 1157 1408 1195 franc.
1427 1160 1581 1197 Morello

455 1211 659 1251 translatis.
699 1213 848 1261 Nempe
882 1209 1069 1251 Morellus
1102 1212 1180 1259 jar-³
1219 1219 1306 1249 ante
1339 1211 1579 1261 Scaligerum

454 1267 632 1315 quaedam
673 1265 862 1305 Martialis
900 1265 1035 1305 Graece
1072 1272 1260 1313 verterat,
1285 1264 1486 1314 separatim
1529 1265 1578 1305 ab

455 1319 538 1369 ipso
559 1319 706 1358 duabus
721 1318 884 1368 plagulis
905 1318 1007 1357 edita
1028 1318 1128 1356 circa
1156 1331 1216 1357 an.
1245 1319 1355 1357 1600.
1385 1319 1460 1358 Sed
1477 1319 1579 1360 male

454 1373 585 1412 omiffa
612 1372 697 1411 sunt
719 1374 919 1425 auetorum
944 1372 1101 1411 nomina
1125 1372 1162 1409 in
1180 1372 1349 1410 editione
1374 1373 1577 1413 Parifienfi.

453 1427 639 1467 Pauciora
671 1427 959 1477 Epigrammata
993 1426 1125 1465 itidem
1162 1425 1202 1464 in
1232 1425 1446 1465 sermonem
1478 1428 1577 1467 Grae„

453 1493 542 1519 cum
575 1479 842 1520 transtulerunt
868 1482 998 1533 Dousa
1032 1481 1181 1528 major,
1205 1479 1336 1521 Eman.
1362 1481 1575 1528 Martinus,

451 1536 647 1589 stlenagius
662 1565 674 1584 ,
699 1534 777 1574 alii.

354 1653 540 1695 Hadriani
566 1653 778 1692 Beverlandi
810 1660 910 1692 notre
936 1652 1091 1692 ineditae
1122 1652 1171 1691 ad
1197 1650 1417 1692 Martialem
1446 1654 1482 1693 ἅ
1506 1654 1572 1702 Ju..

292 1709 467 1748 venalem
489 1709 598 1748 MSS.
620 1716 878 1747 memorantur
899 1708 938 1745 in
956 1706 1127 1746 Novellis
1147 1706 1324 1756 Reipubl.
1343 1705 1514 1747 literariae
1535 1721 1567 1747 a.

294 1766 407 1816 1699.
431 1763 476 1802 T.
503 1763 530 1801 l.
554 1776 590 1813 p.
618 1762 707 1810 468.
728 1761 870 1802 Nescio
897 1773 1012 1811 quem
1041 1760 1229 1801 Martialis
1253 1760 1502 1811 interpretem
1525 1763 1572 1800 ri-

293 1817 359 1856 det
383 1816 558 1856 Barthius
587 1817 635 1855 ad
659 1816 824 1856 Statium
847 1816 892 1856 T.
912 1815 940 1854 Ι.
968 1828 1005 1865 p.
1032 1828 1122 1866 473.
1148 1814 1368 1854 Marcilium
1395 1828 1444 1854 an
1471 1817 1572 1855 Scri>-

290 1871 467 1910 verium‘?
494 1870 557 1921 qui
581 1869 771 1921 Scaligero
797 1871 838 1908 in
864 1868 1038 1919 Epistolis
1061 1869 1201 1908 dicitur
1230 1868 1413 1908 Lentulus
1430 1900 1441 1918 ‚
1465 1871 1499 1909 δε
1528 1870 1568 1908 in

293 1938 370 1975 quo
402 1923 499 1962 nihil
523 1924 672 1971 ornati,
696 1923 793 1962 nihil
816 1923 912 1962 culti
945 1923 1097 1974 reperiri
1124 1923 1177 1962 ait
1204 1922 1424 1963 Holstenius
1451 1923 1565 1974 Epist.

291 1979 342 2017 ad
366 1977 685 2031 Elmenhorstium
702 1978 810 2028 (post
831 1977 1053 2028 Gudianas)
1070 1991 1107 2027 p.
1131 1991 1220 2032 920.
1240 1976 1408 2018 Salmafii
1435 1979 1471 2017 ἃ
1497 1976 1567 2018 rsa..

290 2034 351 2071 aci
377 2030 494 2075 Voffii
516 2032 746 2072 editionibus
773 2031 851 2071 fata
875 2031 1123 2071 intercessere.
