1716 2927
1316 138 1370 192 Ῐ7

207 337 288 402 M.
356 338 582 401 VAL.
648 303 1271 400 MARTIALIS

102 524 1380 632 EPIGRAMMATUM

506 766 834 811 LIBER
900 765 938 811 ι.

487 970 497 973 .,
681 969 684 972 .
920 969 943 985 „5

242 1134 598 1183 EPISTOLA
666 1139 752 1183 AD
819 1134 1226 1185 LECTOREM,

95 1254 310 1374 SPERO
341 1336 412 1365 me
446 1320 645 1366 secutum
678 1314 725 1365 in
762 1316 924 1365 libellis
952 1319 1060 1365 meis
1090 1318 1177 1364 tale
1206 1330 1376 1382 tempes

91 1404 342 1439 ramentum
366 1427 380 1448 ,
413 1402 462 1436 ut
490 1391 543 1436 de
574 1390 661 1436 illis
694 1390 823 1453 queri
851 1407 947 1437 non
974 1391 1141 1457 possit,
1171 1386 1373 1455 quisquis

93 1463 147 1510 de
175 1464 216 1509 se
248 1463 360 1508 bene
390 1460 569 1506 senserit
587 1493 601 1514 ‚
630 1477 734 1507 cum
765 1458 887 1507 salva
915 1460 1168 1509 infimarum
1187 1480 1372 1526 quoque

89 1535 376 1599 personarum
408 1532 660 1580 reverentia
692 1533 876 1589 ludant3
907 1549 1007 1598 quae
1034 1534 1147 1581 adeo
1178 1535 1372 1599 antiquis

90 1608 348 1655 auctoribus
377 1606 544 1664 defuit,
562 1618 612 1651 ut
639 1602 899 1652 nominibus
931 1624 1026 1652 non
1052 1617 1225 1654 tantum
1253 1609 1372 1657 veris

91 1682 212 1732 abusi
244 1676 330 1729 sint
349 1718 363 1739 ‚
387 1680 462 1727 sed
495 1681 624 1727 etiam
653 1680 838 1744 magnis.
874 1681 933 1726 At
953 1680 1063 1727 mihi
1090 1681 1206 1728 fama
1233 1681 1370 1729 vilius

92 1756 267 1805 constet
287 1791 301 1813 ‚
325 1755 375 1801 &
400 1753 620 1816 probetur
647 1753 691 1798 in
719 1770 790 1798 me
810 1747 1102 1800 novissimum
1125 1753 1370 1817 ingenium

92 1828 217 1875 Absit
249 1844 274 1873 a
303 1827 515 1888 jocorum
548 1824 806 1871 nostrorum
840 1824 1115 1887 simplicitate
1149 1824 1370 1888 malignus

92 1902 311 1963 interpres
331 1937 344 1957 ,
372 1916 453 1946 nec
484 1898 812 1962 Epigrammata
840 1915 936 1944 mea
957 1895 1128 1945 scribat.
1160 1897 1370 1960 Improbe

92 1974 199 2023 facit
217 2010 231 2032 ,
261 1973 338 2036 qui
368 1973 413 2019 in
442 1972 589 2018 alieno
619 1971 737 2018 libro
760 1970 1012 2034 ingeniosus
1030 1971 1103 2017 est.
1137 1971 1369 2018 Lascivam

92 2046 341 2093 verborum
374 2046 608 2091 veritatem
630 2081 643 2103 ,
677 2045 723 2090 id
757 2044 846 2102 est,
883 2044 1245 2107 Epigrammaton
1280 2043 1370 2088 lin-

92 2137 223 2183 guam
270 2117 552 2176 excusarem,
586 2117 619 2164 ss
665 2132 815 2163 meum
855 2114 959 2163 esset
996 2117 1284 2179 exemplum:
1309 2108 1369 2162 sic

94 2193 247 2241 scribit
283 2193 485 2240 Catullus
503 2229 518 2252 ,
547 2193 605 2240 fic
628 2192 798 2239 Marsus
818 2226 830 2248 ‚
854 2191 912 2239 fic
944 2192 1062 2238 Pedo
1083 2227 1096 2248 ‚
1132 2191 1188 2237 sic
1228 2192 1367 2235 Getu⁶

95 2267 206 2313 licus
222 2302 237 2323 ‚
261 2266 319 2314 fic
343 2267 598 2330 quicunque
625 2265 877 2330 perlegitur.
915 2266 958 2311 Si
978 2265 1078 2328 quis
1104 2275 1251 2310 tamen
1279 2274 1368 2310 tam

97 2338 328 2388 ambitiose
370 2339 504 2386 tristis
537 2339 598 2387 est
617 2374 633 2400 ,
663 2351 713 2386 ut
746 2339 862 2403 apud
894 2338 1023 2387 illum
1057 2337 1104 2383 in
1135 2334 1260 2384 nulla
1289 2352 1371 2398 pai-s⁴

194 2413 427 2462 Martialis,
1022 2411 1048 2453 Β
