1716 2927
387 109 474 171 175
638 113 705 156 M.
748 114 908 157 VAL.
945 113 1401 159 MARTJALJS

379 216 519 263 stituti
553 216 855 274 deside-ramus.
894 217 1083 262 Accedit
1112 216 1180 263 his
1215 217 1556 280 municipalium
1591 234 1667 268 rue

379 290 488 358 bigo
521 291 720 336 dentium
737 327 749 349 ,
775 292 825 336 &
856 289 1011 349 judicii
1036 289 1145 336 loco
1168 290 1293 337 livor
1311 326 1326 349 ,
1353 293 1401 337 &
1424 308 1541 338 unus
1556 327 1571 350 ‚
1590 305 1667 341 aut

380 365 493 409 aiter
510 364 639 419 mali,
661 364 705 409 in
727 356 886 426 pusilio
913 363 1021 409 loco
1041 364 1167 410 multi
1185 401 1197 423 ‚
1215 364 1424 412 adversus
1447 382 1561 429 quos
1583 367 1673 414 dif-

380 435 499 483 ficile
532 437 593 483 est
627 437 788 483 habere
820 436 1026 500 quotidie
1058 436 1229 484 bonum
1263 437 1556 485 stomachum.
1599 441 1671 488 Ne

379 511 552 558 mireris
580 512 714 576 igitur
737 511 901 573 abjesta
924 511 979 557 ab
1007 510 1298 575 indignante,
1318 528 1418 576 quae
1437 529 1460 559 a
1481 513 1671 577 gestien'-

382 600 426 633 ze
453 585 550 633 fieri
570 587 788 633 solebant.
822 587 890 631 Ne
920 585 1032 648 quid
1053 598 1202 632 tamen
1227 586 1278 634 &
1307 587 1567 635 advenienti
1589 589 1672 639 tibi

379 660 436 705 ab
458 659 565 705 urbe
580 695 592 716 ‚
612 661 660 706 δέ
688 659 882 723 exigenti
905 674 1112 721 negarem
1127 694 1141 715 ,
1161 657 1267 722 (cui
1289 675 1384 706 non
1401 658 1548 707 refero
1571 678 1672 724 gra-

378 733 488 780 tiam
504 768 517 791 ‚
536 732 567 778 s1
588 743 760 778 tantum
785 748 836 778 ea
855 730 1017 793 praesto
1035 766 1048 788 ,
1075 747 1176 794 quae
1199 733 1360 795 poffim
1379 732 1426 796 ,)
1451 733 1672 796 imperavi

380 805 521 863 mihi,
544 804 670 868 quod
691 804 923 867 indulgere
946 801 1270 850 consueveram
1290 841 1304 863 ‚
1324 806 1374 852 &
1389 805 1533 851 studui
1554 822 1666 868 pau-

379 878 559 925 ciffimis
594 877 748 924 diebus
771 913 784 935 ‚
818 889 866 923 ut
891 875 1247 924 familiariffimas
1276 879 1385 925 mihi
1414 892 1542 926 aures
1572 891 1668 927 tuas

380 953 639 1015 exciperem
660 951 930 998 adventoria
949 951 1036 997 sua.
1069 952 1142 998 Tu
1164 952 1302 998 velim
1324 953 1429 1010 ista,
1449 970 1549 1016 quae
1570 966 1672 1000 tan-

381 1039 476 1073 tum
509 1027 626 1088 apud
649 1038 691 1073 te
717 1043 811 1072 non
832 1024 1165 1088 periclitantur,
1192 1025 1428 1090 diligenter
1456 1025 1668 1072 aestimare

381 1102 433 1148 &
463 1112 673 1146 excutere
704 1115 799 1145 non
827 1098 1053 1162 graveri83
1088 1099 1164 1156 &,
1192 1100 1318 1161 quod
1345 1099 1428 1145 tibi
1453 1099 1668 1146 difficilli-

381 1191 505 1220 mum
535 1172 596 1218 est
613 1208 626 1230 ‚
656 1172 710 1218 de
736 1172 862 1235 nugis
885 1170 1046 1217 nostris
1070 1169 1239 1232 judices
1274 1171 1422 1218 nitore
1444 1170 1669 1234 seposito,

381 1269 441 1298 ne
462 1251 655 1297 Romam
669 1285 683 1307 ‚
710 1248 742 1294 fi
762 1248 822 1294 ita
841 1245 1095 1293 decreveris
1108 1278 1122 1301 ‚
1143 1262 1240 1292 non
1259 1244 1594 1310 Hispaniensem
1613 1245 1672 1293 li-

379 1326 515 1372 brum
534 1323 764 1370 mittamus
780 1358 795 1382 ,
818 1320 892 1367 sed
914 1319 1174 1383 Hispanum.

834 1528 865 1573 Ῑ.
901 1529 984 1573 Ad
1005 1529 1190 1573 eundem.

386 1665 572 1752 RETIA
589 1697 676 1744 dum
695 1694 830 1742 ceffant
844 1729 853 1745 ,
870 1691 1138 1754 latratoresque
1157 1688 1312 1736 Moloffi
1325 1723 1338 1742 ‚

450 1778 494 1820 Et
513 1792 589 1819 non
605 1771 758 1817 invento
776 1768 861 1813 {ilva
879 1766 1032 1829 quiescit
1051 1783 1165 1828 apro:

385 1847 497 1900 Otia,
516 1844 632 1892 Prisce
646 1878 657 1897 ‚
677 1841 780 1888 brevi
800 1839 940 1904 poteris
961 1841 1100 1884 donare
1119 1835 1268 1882 hbello.

450 1923 556 1968 Hora
572 1936 640 1966 nec
656 1915 775 1966 aestiva
793 1916 842 1962 est
853 1951 867 1972 ‚
887 1931 955 1961 nec
975 1911 1042 1960 tibi
1061 1926 1138 1959 tota
1155 1908 1263 1975 perit.
