1716 2927
195 312 277 370 M.
347 309 574 369 VAL.
641 309 1268 370 MARTIALIS

84 482 1368 602 EPIGRAMMATUM

394 733 738 791 LIBER
804 731 1005 790 VIII.

79 1095 323 1156 Imperatori
356 1094 618 1139 Domitiano
659 1093 811 1153 Caesari
837 1092 1055 1158 Augusto,
1083 1093 1330 1140 Germanico
1352 1126 1370 1151 ‚

293 1185 483 1240 Dacico,
503 1183 695 1228 Valerius
713 1182 930 1228 Martialis
942 1181 988 1241 s
977 1184 1140 1226 alutem.

86 1293 379 1412 OMNES
408 1355 589 1419 quidem
625 1353 766 1400 libelli
805 1353 920 1412 mei,
951 1354 1164 1413 domine,
1200 1357 1366 1420 quibus

82 1447 134 1481 tu
173 1433 361 1491 famam,
392 1433 437 1478 id
465 1433 554 1491 est,
582 1431 726 1478 vitam
751 1430 939 1489 dedisti,
969 1430 1050 1477 tibi
1081 1430 1332 1495 supplicant
1350 1451 1364 1480 τ

83 1509 135 1554 &
153 1518 268 1569 puto
290 1518 475 1569 propter
495 1506 583 1551 hoc
604 1504 826 1568 leguntur.
849 1503 934 1549 Hic
957 1515 1104 1550 tamen
1120 1541 1133 1560 ‚
1153 1505 1233 1568 qui
1255 1523 1365 1568 ope·

83 1581 143 1626 ris
161 1578 303 1626 nostri
321 1579 509 1625 odlavus
526 1576 808 1633 inscribitur,
828 1575 1066 1622 occafione
1085 1577 1260 1639 pietatis
1279 1577 1367 1624 fre-

82 1651 292 1716 quentius
315 1651 490 1699 fruitur.
519 1650 670 1697 Minus
689 1650 838 1713 itaque
857 1648 1043 1712 ingenio
1066 1649 1367 1697 laborandum

85 1725 172 1772 suit
187 1760 200 1782 ‚
222 1724 270 1771 in
286 1723 413 1785 cujus
439 1724 593 1771 locum
609 1722 794 1770 materia
811 1721 1085 1769 succefl'erat.
1113 1739 1245 1785 quam
1266 1724 1368 1786 qui·

87 1799 189 1845 dem
209 1797 392 1845 subinde
416 1797 562 1859 aliqua
587 1797 797 1859 jocorum
813 1796 1010 1843 mixtura
1034 1796 1206 1843 variare
1224 1809 1366 1843 tenta·

86 1870 236 1918 vimus
256 1886 340 1917 :ne
358 1869 529 1917 coelesti
547 1869 832 1916 verecundiae
851 1880 941 1914 tuae
960 1869 1110 1915 laudes
1128 1868 1246 1926 suas,
1263 1887 1367 1932 quae

85 1940 260 1989 facilius
286 1952 330 1987 te
361 1939 541 2004 fatigare
562 1939 774 2002 pofl'unt,
806 1956 942 2003 quam
962 1958 1045 1987 nos
1063 1940 1240 2000 satiare,
1261 1958 1367 1989 om-

86 2013 156 2061 nis
175 2011 328 2058 versus
353 2012 587 2075 ingereret.
622 2012 848 2072 Quamvis
873 2026 1018 2059 autem
1050 2014 1366 2077 epigrammata

86 2085 367 2134 severiffimis
391 2102 601 2149 quoque,
636 2088 685 2134 δε
712 2086 924 2148 supremae
951 2086 1145 2133 fortunae
1164 2088 1278 2145 ‚viris
1304 2088 1366 2133 ita

87 2160 249 2223 scripta
269 2160 351 2205 smt
371 2194 384 2215 ‚
408 2172 457 2203 ut
475 2159 699 2206 mimicam
720 2159 963 2206 verborum
984 2160 1203 2207 licentiam
1230 2160 1367 2205 affec-

87 2236 192 2283 taffe
218 2236 456 2281 videantur
475 2253 484 2280 :
501 2252 587 2299 ego
607 2249 754 2281 tamen
774 2235 859 2281 illis
887 2252 980 2281 non
1004 2234 1177 2298 permisi
1199 2248 1284 2280 tam
1307 2235 1366 2280 la-

89 2309 211 2358 scive
230 2309 383 2372 loqui,
401 2324 535 2371 quam
562 2309 718 2359 solent.
759 2309 875 2356 Cum
893 2326 992 2372 pars
1010 2308 1113 2354 libri
1139 2308 1190 2354 &
1222 2305 1369 2368 major

185 2383 416 2432 Martialis.
441 2386 532 2432 Vol.
567 2385 630 2430 II.
1053 2386 1087 2425 A
