1716 2927
256 138 931 188 EPIGRAMMATUM
958 145 1013 194 L„
1045 146 1176 192 VIII.

59 244 212 292 Natales
228 244 408 293 Priamive
419 283 432 302 ‚
449 246 684 295 Nestorisve?

61 316 118 363 Sit
139 319 281 365 tandem
298 320 421 383 pudor
435 355 447 374 ,
466 319 506 367 &
525 321 660 367 modus
678 319 828 384 rapinis.

63 393 185 451 Quod
202 391 226 438 fi
245 392 338 439 ludis
355 393 472 440 adhuc
485 429 498 447 ‚
516 395 704 458 semelque
725 395 818 442 nasci

63 467 154 512 Uno
175 466 245 527 jam
265 466 330 513 tibi
349 485 425 514 non
445 467 496 514 sat
513 469 562 515 est
579 468 617 514 in
637 487 761 522 ann0;

61 540 199 587 Natum
216 556 281 602 te,
301 541 441 606 Clyte,
459 560 529 590 nec
551 542 664 590 semel
680 542 836 607 putabo.

390 724 537 773 LXV.
568 728 648 772 Ad
664 725 984 785 Domitianum.

70 850 167 940 H
172 907 217 939 1c
234 892 296 940 ubi
310 895 483 940 Fortunae
499 892 658 940 Reducis
675 893 856 958 fulgentia
872 894 944 941 late

135 966 292 1031 Templa
309 965 453 1021 nitent,
471 966 561 1013 felix
581 985 666 1014 area
683 986 799 1032 nuper
817 984 917 1015 erat:

68 1039 141 1086 Hic
159 1039 255 1086 stetit
275 1041 400 1088 Arimi
421 1040 608 1088 formosus
626 1041 778 1105 pulvere
797 1041 889 1089 belli

137 1117 362 1177 Purpureum
381 1113 539 1161 fiindens
558 1114 682 1161 Caesar
698 1115 742 1161 ab
761 1132 828 1162 ore
845 1115 970 1176 jubar:

73 1185 143 1232 Hic
163 1186 267 1233 lauro
288 1184 456 1232 redimita
474 1203 599 1232 comas
612 1220 624 1239 .,
645 1185 686 1233 ὅ(
705 1186 856 1232 candida
872 1186 974 1232 cultu

139 1261 258 1305 Roma
274 1257 440 1305 salutavit
457 1277 555 1305 voce
571 1277 755 1322 manuque
773 1259 916 1305 ducem.

76 1330 227 1376 Grande
243 1329 321 1376 loci
339 1329 507 1375 meritum
525 1329 693 1375 testantur
712 1329 751 1374 ἃ
767 1329 879 1374 altera
895 1329 1019 1374 dona:

83 1464 86 1467 1
143 1409 218 1451 Stat
236 1404 333 1451 sacer
349 1403 521 1450 edomitis
543 1402 712 1467 gentibus
731 1421 834 1449 arcus
853 1422 975 1450 ovans.

76 1476 148 1523 Hic
166 1477 304 1541 gemini
325 1495 449 1523 currus
469 1494 660 1525 numerant
679 1478 874 1542 elephanta
891 1478 1146 1542 frequentem:

142 1551 284 1597 Sufficit
299 1551 477 1598 immenfis
489 1569 621 1599 aureus
637 1552 716 1617 ipse
731 1553 840 1617 jugis·

78 1628 168 1671 Haec
188 1627 237 1671 est
256 1625 367 1690 digna
387 1625 481 1679 tuis,
498 1627 718 1673 Germanice
731 1662 742 1679 ‚
762 1642 869 1690 porta
889 1627 1101 1692 triumphis:

142 1698 221 1743 Hos
237 1697 354 1744 aditus
373 1698 502 1745 urbem
521 1698 653 1746 Martis
675 1698 809 1747 habere
828 1700 950 1746 decet.

387 1881 546 1931 LXVI.
580 1885 654 1930 De
680 1885 897 1945 conficlatu
912 1887 946 1931 S
950 1885 1031 1932 ilii,

85 2020 352 2108 AUGUSTO
371 2053 431 2119 pia
447 2071 525 2101 tura
538 2089 549 2109 ,
567 2053 805 2119 viffimasque

84 2136 158 2179 Pro
176 2130 300 2176 nostro
319 2130 401 2175 date
419 2127 510 2174 Silio
527 2163 538 2181 ‚
557 2131 762 2176 Camoenae.

84 2205 146 2252 Bis
163 2204 271 2251 senos
288 2203 391 2260 iubet
408 2220 454 2248 en
475 2202 595 2248 redire
612 2201 727 2248 fasces

86 2282 188 2326 Nato
205 2278 357 2325 consule
369 2312 382 2330 ‚
401 2275 596 2339 nobilique
613 2274 715 2339 virga

87 2352 190 2398 Vatis
209 2351 396 2399 Castaliam
412 2350 564 2398 domum
582 2348 727 2397 sonare.

1278 151 1342 209 ⁴29,

1293 1567 1358 1609 ,ω
