1716 2927
278 143 940 192 EPIGRAMMATUM
972 149 1020 193 L.
1057 151 1148 195 XI.

84 257 219 305 Versus
237 259 307 305 hos
324 274 442 305 tamen
461 259 532 306 effe
551 276 588 306 tu
608 276 798 308 memento

84 332 344 378 Saturnalicios
357 369 368 387 ‚
391 333 623 397 Apoliiuaris.

82 408 216 453 Mores
237 424 315 452 non
334 407 442 453 habet
463 406 522 452 hic
540 425 644 454 meos
664 406 825 454 libellus·

493 623 616 671 XVI.
652 626 733 670 Ad
750 623 923 670 lec‘lores.

71 759 223 866 'QUI
245 797 359 862 gravis
376 816 413 845 es
430 797 581 846 nimium
597 835 608 854 ‚
627 813 735 864 potes
752 798 838 845 hinc
857 798 929 862 jam
941 834 954 853 ,
971 798 1091 846 leffor
1104 834 1116 854 ‚
1132 799 1232 846 abire

149 874 240 931 Quo
261 872 375 918 libet:
396 874 544 919 urbanae
562 873 765 937 scripsimus
788 872 850 919 ista
868 889 985 935 togae.

83 943 179 986 Nam
199 960 279 988 mea
298 944 508 1008 Lampsacio
529 944 668 991 lascivit
685 943 818 1009 pagina
836 945 970 1000 versu,

149 1017 193 1061 Et
208 1016 422 1063 Tarteffiaca
441 1034 643 1081 concrepat
662 1036 733 1063 aera
754 1035 876 1063 manu.

86 1091 125 1134 O
144 1088 294 1152 quoties
314 1090 430 1153 rigida
448 1091 604 1154 pulsabis
625 1088 735 1155 pallia
752 1109 845 1137 vena
860 1126 872 1144 ,

149 1160 203 1205 Sis
221 1160 370 1223 gravior
390 1162 509 1214 Curio
523 1198 536 1217 .,
554 1161 798 1225 Fabricioque
817 1163 931 1210 licet!

82 1235 141 1278 Tu
160 1251 314 1296 quoque
334 1234 515 1297 nequitias
536 1234 646 1281 nostri
667 1235 840 1299 lususque
862 1234 981 1282 libelli

145 1305 230 1351 Uda
247 1306 371 1368 puella
387 1308 491 1369 leges
507 1342 519 1359 ‚
537 1306 581 1352 fis
604 1307 775 1353 Patavina
796 1309 898 1355 licet.

85 1378 265 1434 Erubuit,
285 1378 482 1442 posuitque
501 1378 622 1424 {neum
642 1378 809 1425 Lucretia
829 1380 987 1434 librum3

148 1453 221 1501 Sed
238 1471 362 1500 coram
381 1457 506 1500 Bruto.
525 1457 635 1519 Brute
650 1488 662 1507 ‚
679 1454 814 1501 recede
826 1490 841 1510 ,
859 1455 973 1520 leget.

461 1665 603 1712 XVII.
635 1667 715 1710 Ad
734 1667 953 1712 Sabinum.

83 1797 231 1886 NON
247 1836 365 1882 omnis
388 1836 497 1883 nostri
517 1837 696 1884 nouurna
712 1838 762 1883 est
782 1837 918 1901 pagina
936 1837 1043 1885 libri:

150 1909 315 1958 Invenies
336 1908 376 1956 &
395 1909 497 1973 quod
519 1929 628 1958 mane
644 1946 660 1968 ,
677 1908 808 1957 Sabine
821 1946 835 1965 ‚
851 1910 963 1976 legas.

1275 163 1361 210 137

1313 1474 1367 1501 10
