1716 2927
260 126 932 178 EPIGRAMMATUM
962 136 1009 189 L.
1051 139 1157 186 VII.

453 315 604 363 LXX.
637 319 692 362 In
715 319 955 368 Plzz'laenim.

73 430 297 517 IPSARUM
314 471 492 519 tribadum
513 473 624 522 tribas
638 512 650 531 ‚
668 477 822 528 Philaeni
835 515 848 534 ‚

65 541 181 589 Reere
196 577 206 595 ,
229 561 338 606 quam
354 545 465 592 futuis
481 582 493 601 ,
514 565 624 594 vocas
642 549 806 596 amicam.

394 733 572 781 LXXL‘
594 736 669 782 De
674 736 859 795 familia
866 740 1015 800 ficqfit.

69 860 272 948 FlcosA
292 899 342 947 est
359 918 454 947 uxor
468 936 480 954 ,
498 900 631 948 ficosus
651 901 690 949 ὅ(
711 901 790 967 ipse
808 902 979 950 maritus:

131 973 223 1019 Filia
242 972 354 1019 ficosa
372 972 422 1019 est
436 1009 449 1028 ‚
466 971 506 1019 ὅ(
527 991 644 1037 gener
659 1009 671 1027 ‚
689 992 801 1038 atque
820 994 954 1040 nepos.

67 1048 149 1094 Nec
169 1046 401 1110 dispensator
415 1081 427 1100 ‚
449 1064 518 1092 nec
536 1046 682 1094 villicus
703 1048 830 1095 ulcere
848 1049 975 1114 turpi,'

88 1167 91 1169 ,
131 1121 213 1165 Nec
234 1119 372 1183 rigidus
388 1118 527 1173 fossor,
547 1118 608 1165 sed
628 1138 697 1166 nec
717 1139 839 1167 arator
857 1138 954 1187 eger.

66 1191 162 1237 Cum
179 1191 248 1238 fint
265 1191 367 1238 ficofi
387 1192 522 1256 pariter
537 1192 769 1257 juvenesque
788 1195 968 1258 senesque
985 1230 998 1250 ,

125 1268 197 1311 Res
216 1264 305 1312 mira
322 1266 372 1312 est
386 1301 397 1322 ‚
417 1267 509 1314 ficos
529 1286 607 1314 non
626 1267 736 1315 habet
754 1288 845 1315 unus
860 1287 962 1333 ager.

436 1465 619 1511 LXXH.
656 1468 737 1512 Ad
754 1467 968 1515 Paullum.

73 1588 304 1678 Ganos
323 1627 372 1676 fic
389 1627 478 1683 tibi,
495 1628 620 1675 Paulle
634 1664 645 1682 ‚
665 1628 708 1676 fit
727 1630 960 1678 December:

69 1703 154 1747 Nec
171 1702 252 1748 vani
274 1701 436 1765 triplices
451 1738 462 1756 ,
479 1701 686 1764 brevesque
703 1720 847 1767 mappae
860 1738 874 1758 ‚

70 1775 153 1820 Nec
171 1776 260 1821 turis
275 1776 422 1822 veniant
440 1776 544 1822 leves
564 1775 729 1829 selibrae3

71 1848 145 1894 Sed
162 1850 286 1896 lances
304 1850 395 1895 ferat
409 1885 421 1903 ‚
443 1864 504 1895 aut
525 1848 688 1912 scyphos
706 1867 861 1896 avorum
876 1884 891 1908 ,

69 1926 146 1970 Aut
167 1925 312 1989 grandis
331 1942 412 1970 reus
427 1958 439 1977 ‚
458 1939 517 1970 aut
535 1938 672 1987 potens
690 1921 855 1969 amicus:

69 1999 144 2042 Seu
164 1998 268 2060 quod
289 2013 325 2042 te
343 1997 467 2061 potius
485 1997 585 2058 juvat
605 1994 793 2058 capitque.

70 2069 133 2116 Sic
150 2071 275 2117 vincas
295 2071 536 2135 Noviumque
554 2069 799 2132 Publiumque

71 2145 241 2192 Mandris
262 2145 302 2192 δι
319 2144 437 2191 vitreo
458 2143 604 2189 latrone
623 2142 791 2196 claus0s;
846 2196 853 2206 ἱ

76 2216 137 2266 Sic
156 2218 311 2280 palmam
330 2215 396 2262 tibi
414 2215 461 2261 de
478 2214 629 2278 trigone
647 2214 749 2261 nudo

70 2289 203 2335 Unfilae
221 2290 282 2336 det
303 2290 407 2336 favor
423 2288 556 2334 arbiter
573 2307 729 2334 coronae
742 2322 756 2341 ‚

74 2362 158 2409 Nec
174 2362 299 2411 laudet
317 2362 452 2426 Polybi
469 2360 581 2426 magis
598 2361 769 2409 sinistras:
799 2416 801 2419 r

1257 151 1345 202 271

1298 2304 1355 2338 10
