1716 2927
287 140 353 186 ³28
550 142 617 185 M.
658 139 816 185 VA’L.
854 140 1297 188 MARTIALIS

579 323 755 371 XXXI.
788 327 861 371 De
890 328 1058 372 Diaulo
1088 330 1259 374 medico.

294 433 606 521 Cnmunous
630 476 744 522 fuerat
758 509 770 529 ,
785 493 880 521 nunc
897 475 947 521 est
963 474 1121 538 vespillo
1138 475 1305 522 Diaulus,

355 547 509 614 Coepit,
528 568 603 613 quo
624 565 770 614 poterat
799 549 952 597 clinicus
972 550 1045 597 effe
1063 550 1195 598 modo.

646 733 836 780 XXXII.
866 736 941 779 De
963 737 1172 795 Encolpo.

296 841 445 931 Hos
465 877 557 934 tibi,
576 879 716 926 Phoebe
729 916 742 934 ,
757 896 874 928 vovet
891 896 995 928 totos
1014 899 1033 927 a
1050 879 1191 927 vertice
1211 879 1326 927 crines

361 951 549 1015 Encolpus
563 987 575 1005 ‚
593 952 736 998 domini
753 952 980 1000 centurionis
998 971 1104 999 amor
1127 972 1137 996 :

296 1026 408 1070 Grata
430 1026 571 1072 Pudens
591 1025 712 1072 meriti
731 1026 854 1072 tulerit
872 1043 954 1071 cum
975 1023 1121 1087 praemia
1142 1020 1232 1085 pili,

362 1099 483 1156 Quam
507 1096 665 1160 primum
684 1098 818 1161 longas
833 1132 846 1149 ‚
862 1095 1004 1142 Phoebe
1017 1131 1030 1148 ,
1047 1094 1170 1140 recide
1188 1109 1325 1144 comas,

296 1173 394 1217 Dum
417 1171 514 1217 nulla
531 1171 649 1219 teneri
668 1172 820 1218 sordent
840 1170 1018 1234 lanugine
1036 1169 1157 1215 vultus
1170 1203 1184 1221 ‚

360 1246 533 1307 Dumque
551 1245 686 1291 decent
702 1245 790 1291 fusae
806 1244 922 1292 lassea
937 1243 1036 1290 colla
1054 1242 1151 1305 jubae
1164 1261 1180 1286 :e

296 1318 422 1378 thue
440 1314 510 1360 tuis
527 1317 683 1379 longum
699 1351 711 1370 ‚
731 1316 979 1378 dominusque
993 1349 1006 1367 ‚
1024 1329 1190 1376 puerque
1208 1310 1347 1357 fruatur.

363 1390 582 1438 Muneribus
595 1426 606 1444 ‚
626 1390 770 1441 tonsum
789 1389 843 1436 fac
863 1389 939 1436 cito
955 1424 967 1442 ,
987 1387 1072 1434 sero
1090 1385 1222 1433 virum.

641 1573 852 1622 XXXIII.
886 1573 966 1618 Ad
989 1570 1229 1617 Sabidium.

301 1686 449 1775 NON
466 1739 550 1769 amo
568 1736 604 1769 te
616 1756 628 1775 ‚
646 1720 793 1775 Sabidi,
814 1739 881 1767 nec
900 1721 1042 1785 poffum
1060 1720 1184 1766 dicere
1206 1734 1348 1782 quare-⁶,

366 1800 449 1845 Hoc
472 1812 607 1844 tantum
628 1795 774 1864 poffum
795 1794 942 1848 dicere,
960 1812 1037 1844 non
1056 1811 1140 1840 amo
1158 1807 1206 1840 te⁶

673 1984 898 2032 XXXIV.
930 1988 1002 2032 De
1037 1984 1194 2034 Gellia.

311 2108 568 2196 Amrssum
588 2158 666 2189 non
684 2140 750 2188 flet
766 2176 778 2195 .,
798 2158 881 2187 cum
898 2140 976 2187 sola
994 2139 1043 2186 est
1063 2137 1186 2185 Gellia
1199 2173 1210 2193 ‚
1228 2152 1394 2202 patrem,

375 2217 411 2262 Si
428 2216 508 2279 quis
523 2216 644 2268 adest,
666 2214 768 2276 ju-ffae
785 2212 979 2276 prosiliunt
1001 2212 1170 2258 lacrimae.

309 2295 399 2340 Non
417 2291 524 2337 dolet
540 2289 623 2344 hic,
644 2288 803 2353 quifquis
819 2287 954 2334 laudari
967 2322 980 2341 ‚
999 2288 1122 2333 Gellia
1139 2321 1151 2339 ,
1169 2285 1301 2351 quaerit
1318 2305 1338 2340 3,

377 2364 444 2415 Ille
461 2365 567 2414 dolet
585 2381 674 2413 vere
687 2398 698 2419 ,
719 2363 780 2428 qui
799 2361 875 2410 fine
894 2361 981 2409 teste
998 2360 1117 2409 dolet„
