1767 2881
595 121 867 165 VITA.
1305 132 1382 185 xj<

164 277 255 323 Vos
281 274 392 320 eritis
420 273 560 339 nostrae
578 288 730 334 postus
744 308 758 330 ,
779 272 1005 334 requiesqzte
1017 274 1189 333 fineffae
1204 308 1219 333 ‚

221 357 274 400 Si
289 357 408 413 juris
427 355 591 414 fuerint
611 359 698 402 otia
726 356 863 421 nostra
874 356 966 416 fici.

156 490 327 539 Amicis
359 491 460 538 usus
489 491 584 546 est,
611 504 775 553 praeter
798 487 1019 548 Caesares‚
1050 489 1176 537 claris
1206 491 1257 539 &
1291 508 1379 555 pon

89 575 291 622 tentibus
308 609 322 631 ‚
348 575 396 621 δε
421 571 603 619 multis:
634 572 848 619 Stertinio
868 609 882 631 ‚
913 588 1049 635 quem
1082 572 1268 621 Avitum
1289 591 1380 621 vo-

90 667 162 704 cat
179 693 195 714 ,
227 656 438 703 Deciano
457 691 470 714 ‚
491 654 728 701 Liciniano
745 690 759 713 ‚
785 654 917 719 Stella
933 692 946 714 ,
975 657 1157 719 Nepote
1174 692 1189 714 ,
1218 653 1350 719 Lupo
1364 690 1380 716 ‚

89 738 240 785 Plinio
275 737 453 801 juniore
471 771 486 794 ,
515 736 740 783 Cornelio
781 736 959 796 Prisco,
984 738 1103 785 Julio
1142 738 1344 785 Martiale
1364 775 1379 799 r>

88 819 266 884 Regulo
300 832 482 867 oratore
497 856 510 880 ‚
538 819 852 881 Quinctiliano
869 856 885 881 9
906 818 1109 881 Quintio
1131 857 1145 879 ,
1168 822 1348 869 Ovidio
1364 858 1380 881 ‚

88 902 307 951 Iuvenale
321 938 336 962 ,
355 902 541 949 Valerio
576 901 736 950 Flacco
752 938 766 960 ‚
789 900 901 949 Silio
917 941 933 960 ,
957 900 1199 950 Parthenio
1220 916 1378 969 tyran-

86 986 327 1045 nossono,
360 984 545 1049 aliisque
589 983 900 1046 compluribus
924 1020 939 1043 ‚
974 1002 1092 1049 quos
1127 987 1280 1050 passim
1330 987 1378 1034 in

86 1066 175 1115 suis
201 1066 328 1115 libris
352 1069 528 1115 aeternis
562 1078 694 1113 ornat
716 1065 888 1130 elogiis.
921 1068 998 1114 De
1030 1069 1173 1115 Statio
1207 1069 1378 1117 miran-

86 1162 162 1199 tur
202 1150 377 1213 aliqui,
405 1167 507 1197 cum
546 1149 706 1196 eodem
743 1164 948 1212 tempore
984 1150 1187 1199 vixerint
1208 1187 1223 1210 ‚
1258 1152 1378 1201 idem

86 1231 202 1295 saepe
235 1243 546 1296 argumentum
583 1230 845 1291 tractarint,
882 1232 1061 1279 eosdem
1089 1233 1260 1282 amicos
1295 1251 1378 1282 co-

85 1314 255 1360 luerint
274 1348 288 1371 ,
309 1331 388 1361 cur
419 1314 542 1360 nulla
562 1313 770 1360 amicitiae
791 1325 898 1360 nota
927 1315 1043 1361 inter
1075 1315 1161 1362 hos
1195 1315 1335 1363 exstet
1355 1318 1376 1364 ἓ

85 1396 159 1442 An
181 1396 306 1458 quod
333 1395 456 1442 nulla
489 1394 720 1458 fingularis
752 1394 870 1441 inter
900 1411 979 1442 eos
1001 1398 1274 1445 neceffitudo
1291 1435 1305 1458 5,
1325 1401 1378 1446 ὅτ.

85 1476 186 1524 usus
205 1477 312 1524 vitae
334 1476 624 1524 intercesserit
643 1476 660 1522 ἓ
683 1493 739 1522 an
759 1477 940 1524 occulta
959 1477 1108 1542 aliqua
1133 1479 1337 1529 diffenfio
1355 1483 1376 1528 ἓ

84 1576 143 1607 an
184 1559 470 1623 ingeniorum
506 1559 681 1619 studia,
708 1575 858 1607 mores
877 1595 892 1620 ,
930 1572 1102 1608 naturae
1143 1561 1373 1610 diversae?

84 1660 143 1690 an
161 1642 285 1706 quod
306 1642 469 1690 Statius
491 1642 608 1689 celer
622 1678 636 1703 ‚
667 1643 718 1689 &
748 1641 861 1705 saepe
881 1644 1200 1707 extemporalis
1229 1662 1375 1709 prope

83 1736 219 1788 poeta
235 1760 251 1783 ‚
270 1736 320 1770 ut
350 1741 406 1771 ex
436 1724 661 1773 Silvarum
683 1724 1023 1789 praefationibus
1044 1726 1172 1774 discis
1187 1763 1203 1786 ,
1222 1727 1389 1775 subito
1413 1780 1420 1786 ,

84 1807 380 1872 gratularetur
412 1807 486 1855 vel
525 1807 722 1871 Principi
743 1845 757 1866 ‚
794 1826 895 1856 cum
941 1808 1112 1873 aliquid
1145 1810 1262 1858 novi
1295 1810 1374 1858 vel

86 1889 251 1936 accidit
269 1925 284 1948 ‚
307 1889 393 1937 vel
424 1890 660 1937 conditum
681 1890 743 1937 est
761 1927 776 1949 ,
798 1891 926 1954 quod
951 1907 1048 1938 non
1077 1891 1258 1940 videtur
1284 1910 1374 1957 po·-

84 1971 213 2019 tuiffe
246 1971 465 2018 Martialis
484 2008 498 2031 ‚
531 1984 608 2019 aut
651 1972 858 2021 voluisse.
913 1974 1059 2034 Quod
1092 1974 1234 2037 ipsum
1267 1992 1374 2022 reor

83 2053 206 2113 fuit,
244 2071 325 2101 cur
364 2054 512 2102 nullus
547 2053 858 2103 familiaritatis
892 2055 1036 2103 index
1067 2068 1143 2103 aut
1180 2057 1372 2122 symbo-

85 2136 178 2184 lum
197 2171 212 2195 ‚
237 2147 313 2184 aut
346 2136 658 2185 contesseratio
689 2138 806 2201 apud
837 2137 1077 2202 scriptores
1108 2140 1372 2203 reperiatur.

87 2219 340 2266 Librarium
388 2236 577 2283 puerum
621 2220 778 2268 habuit
797 2257 812 2281 ,
845 2221 1006 2268 Afrum
1046 2222 1369 2281 Demetrium,

87 2317 227 2366 quem
250 2301 555 2363 moriturum,
574 2302 673 2352 sero
710 2302 843 2368 nimis
860 2339 877 2365 ‚
908 2303 1111 2353 libertate
1140 2304 1333 2356 donavit
1350 2341 1367 2366 ‚
