1716 2927
336 106 393 153 28
590 104 656 150 M.
696 106 855 150 VAL.
890 102 1340 151 MARTJALIS

330 213 431 276 gin-a
465 211 619 258 Latine
650 212 777 276 loqui
803 212 867 260 fas
894 214 975 272 fit,
994 214 1139 278 potest
1169 214 1356 277 epistola
1375 250 1391 271 ,
1422 213 1497 260 vel
1529 231 1611 277 po=

329 286 416 332 tius
449 285 584 332 titulo
616 298 855 333 contentus
887 287 984 333 effe.
1025 288 1348 351 Epigrammata
1385 288 1472 336 illis
1505 289 1611 337 scri·-

328 359 524 417 buntur,
558 357 636 421 qui
670 357 815 405 solent
849 359 1041 422 spectare
1076 361 1286 409 Florales.
1333 363 1440 409 Non
1477 363 1612 410 intret

326 433 444 478 Cato
471 431 692 477 theatrum
726 434 926 478 nostrum
948 451 961 489 3
986 445 1062 480 aut
1090 434 1122 479 fi
1152 433 1611 497 intraverit,'spe&et.

326 503 501 550 Videor
532 504 641 549 mihi
675 521 779 551 meo
812 504 907 567 jure
937 505 1158 566 facturus,
1178 507 1210 553 fi
1239 507 1471 571 epistolam
1503 524 1610 556 ver-

328 577 448 625 sibus
485 576 700 624 clausero.

760 731 790 776 I.
825 732 906 775 Ad
934 733 1144 775 Catonem.

325 836 532 927 Nossns
551 877 692 938 jocosae
709 875 819 921 dulce
838 893 918 920 cum
939 847 1077 921 sacrum
1093 876 1215 922 Florae
1230 910 1242 929 e-

327 952 531 1014 Festosque
547 951 644 996 lusus
657 985 670 1004 ‚
689 948 931 997 &licentiam
950 949 1050 1012 vulgi
1067 985 1079 1002 ‚

331 1018 410 1069 Cur
427 1024 462 1068 in
481 1024 658 1070 theatrum
672 1058 684 1075 ‚
705 1026 801 1069 Cato
822 1022 947 1068 severe
961 1057 973 1075 ‚
993 1022 1147 1068 venisti?

330 1102 390 1142 An
408 1097 495 1143 ideo
513 1110 650 1142 tantum
670 1114 823 1142 veneras
837 1129 850 1148 ‚
872 1109 912 1140 ut
931 1094 1080 1141 exires?

762 1265 813 1310 Π.
848 1267 927 1309 Ad
949 1265 1160 1310 Lefforemv
1225 1331 1229 1334 ῃ

330 1375 476 1464 Hm
494 1418 543 1465 est
564 1436 672 1482 quem
691 1415 786 1480 legis
801 1451 812 1468 ,
830 1414 895 1460 ille
915 1433 1025 1478 quem
1045 1414 1198 1477 requiris
1215 1450 1226 1468 ,

329 1494 434 1538 Toto
452 1510 560 1537 notus
580 1491 617 1535 in
636 1490 727 1535 orbe
744 1486 922 1532 Martialis
938 1521 950 1539 ‚

327 1563 478 1627 Argutis
499 1562 796 1626 Epigrammaton
815 1558 972 1604 libellis:

332 1635 433 1686 Cui,
451 1635 570 1681 lecim
588 1633 745 1679 studiose
760 1667 770 1684 ‚
793 1632 896 1694 quod
916 1630 1040 1676 dedisti

331 1706 485 1753 Viventi
504 1707 615 1752 decus
628 1742 640 1760 ‚
659 1722 767 1767 atque
787 1701 986 1755 sentienti,
1585 1714 1607 1760 5

331 1780 416 1827 Rari
433 1779 516 1844 post
536 1778 678 1824 cineres
696 1776 832 1822 habent
848 1789 986 1839 poetae.

530 1962 602 2008 ΙΙΙ.
633 1963 713 2007 Ad
728 1959 927 2006 LeHorem
943 1993 958 2017 ,
980 1960 1049 2004 ubi
1075 1959 1190 2003 Libri
1207 1961 1383 2003 venale&

333 2063 473 2170 qu
490 2116 610 2146 tecum
625 2096 729 2161 cupis
750 2096 822 2142 effe
839 2113 943 2142 meos
959 2093 1168 2156 ubicunque
1187 2092 1337 2138 libellos
1351 2126 1364 2145 ,

399 2177 444 2219 Et
461 2172 615 2220 comites
632 2171 758 2234 longae
776 2169 908 2233 quaeris
925 2167 1059 2213 habere
1080 2167 1174 2219 viae·,

331 2249 411 2294 Hos
430 2255 511 2294 eme
525 2281 538 2300 ‚
554 2263 650 2309 quos
666 2244 777 2290 arelat
796 2240 966 2288 brevibus
988 2239 1196 2286 membrana
1214 2235 1377 2284 tabellis:

398 2318 540 2367 Scrinia
557 2321 602 2366 da
620 2316 760 2381 magnis
776 2350 789 2369 .,
807 2333 864 2363 me
881 2331 1007 2361 manus
1025 2330 1096 2360 una
1114 2310 1222 2375 capit,
