1716 2927
353 95 410 144 50
605 82 673 128 M.
711 81 868 126 VAL.
904 81 1357 126 MARTJALIS

672 214 927 290 LXXXIX.
962 247 1043 290 Ad
1062 247 1293 292 Alcimum.

350 363 595 453 ALCIME,
613 415 721 461 quem
739 413 880 460 raptum
899 396 1057 443 domino
1079 398 1328 444 crescentibus
1347 399 1453 446 annis

409 471 584 518 Labicana
599 472 670 519 levi
688 470 825 534 cespite
842 470 939 516 velat
956 470 1107 515 humus:

341 544 486 607 ‘Accipe
507 563 581 590 non
601 542 732 589 Phario
753 541 915 588 nutantia
934 543 1103 606 pondera
1124 543 1211 589 saxo
1225 579 1238 597 ‚

411 621 509 677 Quae
529 617 643 662 cineri
662 634 769 662 vanus
787 616 845 661 dat
863 614 996 661 ruitura
1017 615 1146 661 labor:

342 690 414 735 Sed
432 689 578 752 fragiles
596 689 716 736 buxos
731 725 743 742 ,
764 690 802 735 &
821 708 954 752 opacas
972 689 1129 752 palmitis
1145 690 1288 736 umbras
1303 726 1316 745 ,
1597 708 1618 751 ς

409 764 579 824 Quaeque
600 760 720 807 virent
739 761 894 808 lacrimis
913 761 1056 807 roscida
1074 777 1174 825 prata
1191 763 1293 808 meis.

346 836 486 897 Accipe
503 871 515 890 .,
533 854 614 881 care
636 854 725 899 puer
740 872 750 889 ‚
770 835 882 882 nostri
900 854 1139 882 monumenta
1160 835 1323 882 laboris:

412 910 481 953 Hic
500 908 564 953 tibi
580 925 762 972 perpetuo
783 925 955 972 tempore
975 908 1079 954 vivet
1096 908 1236 955 honor.

346 987 442 1030 Cum
459 981 548 1027 mihi
566 982 755 1045 supremos
774 981 937 1033 Lachesis
955 981 1166 1045 perneverit
1183 999 1323 1028 annos:

411 1059 502 1103 Non
519 1055 625 1102 aliter
643 1055 783 1102 cineres
803 1056 939 1101 mando
958 1057 1078 1118 jacere
1096 1074 1215 1102 meos,
1575 1074 1628 1102 ιο

745 1238 851 1284 XC.
887 1242 934 1283 A
937 1241 968 1283 d
997 1240 1190 1283 Cinnam.

346 1352 566 1440 GARRIS
584 1389 622 1435 in
641 1408 764 1437 aurem
785 1391 930 1454 semper
949 1389 1119 1436 omnibus
1133 1427 1144 1445 ,
1164 1389 1309 1443 Cinna3

344 1463 469 1509 Garris
489 1462 636 1508 &illud
651 1497 663 1515 ‚
681 1462 768 1507 teste
786 1464 888 1524 quod
910 1462 997 1507 licet
1015 1463 1130 1507 turba.

341 1535 452 1581 Rides
470 1534 506 1579 in
523 1552 643 1580 aurem
657 1568 670 1586 ,
690 1533 854 1596 quereris
868 1568 881 1586 ,
900 1532 1020 1596 arguis
1033 1568 1044 1585 ‚
1063 1533 1209 1595 ploras:

343 1609 481 1652 Cantas
499 1605 536 1650 in
556 1623 703 1656 aurem,
722 1604 857 1665 judicas
870 1639 882 1655 ,
904 1619 1001 1649 taces
1015 1638 1027 1656 .‚
1047 1605 1193 1652 clamas.

343 1679 505 1725 Adeone
521 1677 667 1742 penitus
685 1676 777 1722 sedit
797 1676 856 1722 hic
875 1675 941 1722 tibi
959 1676 1110 1722 morbus
1124 1711 1137 1729 ‚
1599 1697 1618 1738 5

334 1755 395 1799 -Ut
414 1753 512 1816 saepe
528 1752 567 1798 in
583 1770 707 1798 aurem
720 1786 732 1805 ,
750 1750 868 1797 Cinna
882 1785 895 1804 ‚
912 1749 1094 1796 Caefarem
1112 1750 1269 1796 laudes?

629 1923 753 1970 XCI.
786 1924 867 1968 Ad
893 1919 1066 1985 Baffizm
1099 1922 1313 1966 tribadem.

341 2045 524 2152 QUOD
547 2097 730 2143 nunquam
750 2078 905 2124 maribus
922 2074 1079 2136 iunciam
1099 2089 1136 2118 re
1150 2107 1161 2126 ‚
1178 2072 1274 2118 Baffa
1288 2107 1301 2126 ,
1318 2070 1489 2118 videbam
1501 2105 1513 2125 ,

405 2154 596 2216 Quodque
613 2152 678 2198 tibi
700 2150 881 2196 moechum
902 2148 1021 2193 fabula
1043 2146 1141 2190 nulla
1161 2145 1293 2191 dabat:

338 2229 463 2274 Omne
481 2226 542 2271 sed
564 2224 727 2271 officium
747 2223 839 2268 circa
859 2239 894 2267 te
914 2221 1056 2282 semper
1075 2218 1199 2264 obibat

402 2299 529 2351 ‚Turba
548 2298 600 2346 tui
619 2297 723 2345 sexus
736 2331 748 2350 ‚
769 2313 846 2343 non
865 2294 1021 2342 adeunte
1040 2292 1147 2338 viro:
