1716 2927
253 134 918 187 EPIGRAMMATUM
948 142 998 188 L.
1037 145 1164 192 VIII.

57 240 226 291 Condita
245 242 436 308 perspicua
453 241 541 292 vivit
557 242 741 293 vindemia
758 264 900 311 gemma
915 283 929 303 ‚

126 318 172 362 Et
188 317 323 380 tegitur
338 315 429 364 felix
441 352 454 371 ‚
471 335 540 364 nec
557 333 677 365 tamen
695 338 762 368 uva
781 320 883 369 latet.

61 388 276 436 Femineum
293 390 392 437 lucet
411 389 459 436 fic
475 409 542 455 per
559 386 784 457 bombycina
805 411 965 459 corpus:

127 464 299 513 Calculus
318 463 353 510 in
372 463 483 511 nitida
499 463 549 512 fic
566 481 775 514 numeratur
792 485 897 531 aqua.

60 538 167 604 Quid
186 557 263 586 non
282 539 435 604 ingenio
455 540 578 588 voluit
595 556 720 589 natura
737 541 880 590 licere?

127 614 354 661 Autumnum
373 613 500 662 sterilis
517 614 613 662 ferre
630 615 779 679 jubetur
796 614 928 664 hiems·-¹

448 798 612 847 LXIX.
645 802 701 846 Itz
722 804 767 848 V
765 819 958 848 acerram.

66 909 322 998 ,wlmarus
344 964 512 1006 veteres,
528 952 712 1008 Vacerra,
734 950 866 1007 solos‚·

68 1023 152 1068 Nec
171 1021 293 1067 laudas
315 1021 378 1067 nifi
398 1037 567 1070 mortuos
584 1039 730 1088 poetas.

66 1092 240 1153 Ignoscas
258 1092 415 1157 petimus
427 1128 440 1148 ‚
454 1097 636 1142 Vacerra:
657 1094 746 1142 tanti

69 1165 161 1212 Non
177 1165 227 1212 est
241 1200 255 1221 ,
270 1181 313 1214 ut
329 1166 495 1231 placeam
512 1167 578 1216 tibi
590 1204 603 1224 ‚
619 1168 757 1234 perire.

491 1341 635 1387 LXX.
670 1341 744 1386 De
770 1341 927 1386 Nerva,

72 1451 317 1558 QUANTA
335 1487 438 1552 quies
456 1488 618 1553 placidi,
638 1503 733 1536 tanta
751 1487 803 1536 est
822 1487 987 1536 facundia
1005 1490 1164 1539 Nervae:

139 1562 210 1607 Sed
229 1561 381 1608 cohibet
397 1560 495 1608 vires
513 1560 783 1626 ingeniumque
804 1561 941 1626 pudor.

74 1636 172 1682 Cum
188 1633 321 1681 ficcare
337 1635 470 1682 sacram
486 1635 594 1700 largo
611 1635 824 1683 Permeffida
842 1635 963 1700 poffet

140 1710 221 1754 Ore
233 1744 246 1764 ‚
262 1709 507 1756 verecundam
523 1709 649 1756 maluit
666 1709 739 1758 effe
756 1708 876 1756 fitim:

75 1780 229 1828 Pieriam
245 1781 347 1828 tenui
365 1783 525 1829 frontem
543 1782 718 1830 redimire
734 1800 881 1831 corona

143 1858 378 1912 Contentus,
394 1848 499 1902 famae
520 1875 589 1904 nec
608 1857 695 1903 dare
710 1857 796 1903 vela
813 1857 899 1904 suae.‘

80 1929 151 1976 Sed
170 1944 289 1975 tamen
308 1928 405 1976 hunc
426 1928 538 1976 nostri
558 1928 622 1976 scit
642 1928 822 1994 temporis
841 1929 914 1976 effe
931 1928 1122 1978 Tibullum
1134 1943 1150 1994 ,ᾗ

144 2002 316 2051 Carmina
339 2002 399 2068 qui
417 2002 519 2052 doffi
537 2020 624 2053 nota
644 2002 807 2053 Neronis
826 2002 949 2052 haber.

1279 155 1302 207 3
1314 149 1341 190 ἵ

1310 269 1343 318 5.

1283 631 1350 670 ‘210
