1716 2927
233 141 912 192 EPIGRAMMATUM
939 149 988 194 L.
1022 148 1112 195 IX.

423 326 607 374 XCVII.
644 328 718 374 De
739 329 918 377 Herode.

36 446 288 535 Cmmcus
307 488 477 534 Herodes
497 488 640 535 trullam
661 489 876 537 subduxerat
893 506 1021 553 aegro:

99 562 310 626 Deprensus
329 560 448 617 dixit,
463 562 580 608 Stulte
595 597 607 616 ,
627 563 716 626 quid
736 581 829 628 ergo
850 563 971 611 bibis?

403 749 608 800 XCVHI.
645 755 726 800 Ad
742 755 919 802 Iulium.

37 875 326 966 Rummwss
348 915 482 963 invidia
501 917 648 980 quidam
662 953 674 972 ‚
694 917 866 965 cariffime
883 914 977 970 lali,

99 991 216 1051 Quod
235 1009 292 1036 me
313 993 429 1037 Roma
446 991 564 1054 legit,
583 991 760 1054 rumpitur
777 990 926 1036 invidia.

32 1062 227 1126 Rumpitur
245 1062 384 1109 invidia
399 1100 410 1118 ,
429 1065 532 1127 quod
553 1065 655 1111 turba
674 1064 819 1129 semper
838 1064 875 1110 in
893 1061 994 1110 omni

97 1137 347 1185 Monstramur
363 1137 483 1202 digito
499 1174 510 1191 ‚
531 1139 711 1202 rumpitur
733 1137 880 1185 invidia.

31 1211 228 1274 Rumpitur
243 1211 381 1258 invidia
396 1248 408 1266 ,
427 1213 554 1259 tribuit
569 1214 672 1276 quod
693 1214 813 1259 Caesar
833 1227 988 1276 uterque

97 1286 156 1330 Jus
175 1284 262 1330 mihi
283 1300 450 1331 natorum
465 1296 481 1338 ζ
498 1287 677 1349 rumpitur
696 1284 847 1331 invidia.

31 1355 228 1419 Rumpitur
248 1355 382 1402 invidia
398 1393 409 1409 .‚
429 1355 532 1418 quod
552 1375 610 1402 rus
631 1356 718 1402 mihi
738 1356 848 1401 dulce
868 1354 931 1400 sub
949 1355 1038 1401 urbe
1056 1355 1105 1402 est
1121 1390 1134 1409 ‚

96 1434 280 1492 Parvaque
298 1428 335 1474 in
354 1429 444 1475 urbe
464 1430 595 1494 domus
608 1464 621 1483 ‚
640 1428 821 1492 rumpitur
841 1427 988 1474 invidia.

31 1502 225 1565 Rumpitur
242 1502 376 1549 invidia
392 1538 405 1557 .,
427 1500 530 1566 quod
550 1502 624 1549 sum
645 1501 827 1565 jucundus
845 1500 996 1558 amicis,

95 1577 214 1638 Quod
235 1576 390 1624 conviva
411 1578 583 1641 frequens
599 1613 610 1629 ,
628 1575 806 1641 rumpitur
822 1575 971 1622 invidia.

28 1649 222 1713 Rumpitur
239 1649 390 1702 invidia,
410 1650 512 1714 quod
531 1668 708 1704 amamur,
731 1650 907 1715 quodque
925 1650 1148 1715 probamur:

93 1727 290 1788 Rumpatur
302 1759 314 1778 ,
334 1723 497 1789 quisquis
515 1725 692 1789 rumpitur
711 1724 861 1773 invidia.

352 1914 526 1962 XCIX.
561 1918 641 1962 Ad
658 1917 714 1979 Q.
739 1916 955 1966 Ovidium.

30 2028 409 2116 VINDEMIARUM
429 2083 501 2111 non
520 2062 658 2126 ubique
677 2079 880 2128 proventus

30 2139 195 2184 Ceffavit
209 2173 222 2191 ‚
242 2137 374 2184 Ovidi:
397 2137 518 2201 pluvia
539 2137 680 2200 profuit
698 2137 859 2202 grandis.

34 2214 194 2257 Centum
213 2213 380 2258 Coranus
399 2210 591 2275 amphoras
611 2228 714 2273 aquae
732 2209 832 2257 fecit.

1258 163 1319 212 79

1254 1594 1310 1624 10
