1767 2881
661 114 709 159 V
734 115 762 158 Ι
795 113 837 158 Τ
867 115 931 159 Α.
1330 123 1431 157 xm

210 247 418 292 Natorum
452 245 558 290 mihi
581 243 664 301 jus
693 247 815 290 trium
845 244 1014 305 roganti

212 329 430 389 Musarum
456 329 633 388 pretium
665 329 781 375 dedic
811 346 992 374 mearum
1009 361 1024 385 ‚

211 414 340 458 Solus
365 413 436 472 qui
458 427 636 471 poterat.
678 413 873 468 Valehis‚
905 429 1028 456 uxor.

214 499 316 542 Non
347 496 460 540 debet
486 495 675 540 Domini
703 496 832 555 perire
862 511 1028 540 munus.

152 591 339 687 Creatu}
357 620 419 668 est
435 620 640 669 tribunus
659 657 673 681 ,
691 621 817 686 quod
844 620 995 673 lib.,111
1013 619 1151 686 epigr.
1173 635 1229 686 95
1254 618 1402 684 justat.

219 760 297 827 Est
316 757 358 805 δ’
376 762 421 806 in
443 761 519 806 hoc
534 760 724 820 aliquid:
746 761 856 805 vidit
876 778 937 804 me
955 761 1095 805 Roma
1114 759 1341 806 tribunum.

156 886 355 933 Ornatus
377 884 438 932 est
457 884 646 949 equestri
671 884 900 950 dignitate.
922 886 1117 936 ibidem:

222 1017 285 1062 Et
299 1016 450 1077 fider),
474 1034 554 1077 qua
582 1031 618 1062 te
627 1016 814 1078 suscitat
832 1017 1037 1063 Oceanus.

162 1150 252 1199 hoc
289 1151 386 1210 est,
416 1152 564 1216 speRO
610 1152 656 1199 in
700 1153 880 1200 theatris
928 1153 1060 1201 ludos
1101 1152 1217 1203 inter
1258 1153 1446 1219 equites⁵

161 1234 378 1283 Praedicat
409 1236 595 1284 eandem
630 1236 707 1285 lib.
736 1240 778 1285 V
804 1236 940 1301 epigr.
975 1253 1045 1300 13.
1156 1231 1158 1233 ’

229 1373 336 1417 Sum
343 1370 488 1429 fatcor
502 1407 515 1427 ‚
533 1371 845 1432 sbmperquesui
855 1405 867 1426 ,
886 1373 1112 1438 Call{strate
1125 1407 1138 1428 ,
1154 1389 1321 1433 pauper
1334 1407 1352 1429 ,

294 1458 381 1500 Sed
396 1474 481 1500 non
501 1455 692 1514 obfiums
704 1489 718 1511 ‚
736 1473 809 1500 nec
828 1459 934 1500 male
953 1471 1076 1500 notus
1095 1472 1222 1515 equeS.

170 1588 340 1639 Afflus
360 1585 421 1634 est
447 1585 578 1632 donis
606 1585 655 1631 in
687 1585 796 1632 urbe
824 1585 875 1632 &
901 1584 1006 1631 ruri.
1039 1584 1338 1635 Domicilium
1367 1583 1450 1633 fibi

171 1673 431 1736 affignatum
450 1669 498 1715 in
521 1670 663 1729 urbe,
691 1670 743 1718 &
772 1685 847 1716 rus
879 1667 1185 1716 suburbanum
1211 1668 1346 1717 docet
1374 1669 1452 1717 lib,

174 1757 240 1803 [X
270 1754 408 1818 epigr.
437 1753 514 1818 98.

246 1896 475 1956 Rumpitur
491 1895 658 1940 invidia
671 1928 685 1951 ‚
705 1895 818 1954 q'uod
833 1910 902 1939 rus
917 1895 1022 1939 nzz'lzi
1040 1895 1157 1938 dulce
1163 1891 1249 1952 sub
1268 1892 1361 1938 urbe
1377 1891 1429 1957 ss
1438 1902 1458 1950 ,’

312 1979 531 2039 Parvaque
553 1980 600 2023 in
628 1979 723 2024 urbe
749 1979 898 2023 domus
912 2012 929 2034 ,
953 1979 1158 2038 rumpitur
1179 1977 1360 2023 invidia.

182 2106 234 2153 &
253 2103 330 2153 lib.
345 2104 402 2152 'X
424 2104 562 2170 epigr.
588 2104 659 2170 58.

251 2239 382 2284 Dura
395 2237 629 2298 suburbani
647 2241 745 2284 dum
751 2236 906 2300 jugera
916 2237 1131 2299 pafiimus
1148 2237 1239 2298 agri
1253 2268 1272 2292 ,

326 2320 574 2383 Vicinosque
598 2322 674 2367 tibi
689 2356 705 2381 ,
721 2322 866 2382 [απέἱε
887 2321 1063 2383 Quirine
1076 2355 1091 2379 ,
1122 2323 1242 2367 lares.
