1716 2927
282 110 946 160 EPIGRAMMATUM
975 113 1024 160 L.
1059 114 1172 162 XII.
1280 125 1375 176 207

478 296 665 344 LXXV.
697 298 771 346 De
794 299 953 360 pueris.

97 400 348 490 FESTINAT
365 438 572 503 Polytimus
590 441 633 486 ad
653 441 818 504 puellas:

97 513 234 560 invitus
251 531 403 576 puerum
423 512 557 559 fatetur
574 515 767 576 Hymnus:

99 586 216 633 Pastas
235 587 370 650 glande
390 604 487 634 nates
508 586 615 633 habet
633 586 833 633 Secundus.

99 657 235 705 Mollis
255 658 460 723 Dindymus
479 658 636 712 estJsed
655 658 727 705 effe
747 677 825 705 non
843 656 944 705 vult:

101 731 295 795 Amphion
316 732 439 796 potuit
457 733 579 796 puella
601 731 710 778 nasci.
1351 749 1378 799 5

103 806 249 850 Horum
268 804 417 852 delicias
431 841 443 859 ,
465 805 747 870 superbiamque
761 840 774 859 ,

103 879 149 923 Et
168 877 273 922 fastus
293 879 470 940 querulos
483 913 497 932 ‚
516 877 656 931 amice,
677 878 776 923 malo
789 911 804 930 ‚

103 955 228 1014 Quam
245 950 342 999 dotis
358 951 444 998 mihi
463 950 658 1015 quinquies
676 951 832 997 ducena.

457 1125 663 1172 LXXVI.
698 1125 772 1170 De
795 1126 992 1188 agricola.

112 1227 392 1315 AMPHORA
410 1262 554 1326 vigeffis
569 1299 581 1318 ‚
598 1263 746 1310 modius
763 1264 867 1310 datur
885 1282 959 1312 aere
977 1279 1173 1330 quaterno.

173 1339 300 1386 Ebrius
320 1338 360 1386 δι
378 1340 508 1386 crudus
525 1338 576 1385 nil
597 1338 704 1385 habet
720 1338 896 1403 agricola.

457 1520 696 1571 LXXVII(
720 1525 794 1571 De
813 1524 1034 1572 AEclzonte,

112 1625 338 1714 Munus
354 1662 440 1708 dum
456 1660 627 1725 precibus
644 1663 773 1708 Iovem
792 1660 943 1716 salutat,

111 1742 217 1784 Stans
237 1738 396 1783 summos
417 1735 605 1799 resupinus
626 1734 743 1797 usque
763 1734 801 1781 in
817 1734 996 1799 ungueiso

110 1810 253 1858 AEthon
272 1809 311 1855 in
331 1808 525 1872 Capitolio
540 1843 553 1861 ‚
573 1807 740 1871 pepedit.

110 1881 282 1928 Riserunt
301 1881 476 1927 comites:
497 1879 559 1925 sed
576 1879 654 1944 ipse
671 1879 805 1926 Divum

113 1954 288 2001 Offensus
306 1953 456 2019 genitor
468 1988 480 2007 ,
496 1951 698 1999 trinoffiali
1365 1971 1387 2016 ς

112 2028 250 2075 Affecit
267 2027 495 2074 domicoenio
515 2026 703 2073 clientem.

72 2113 75 2117 '
115 2101 198 2147 Post
217 2100 291 2147 hoc
308 2099 487 2163 flagitium
507 2099 669 2145 misellus
690 2097 830 2145 AEthon
843 2133 858 2154 ‚

115 2175 214 2218 Cum
232 2173 308 2220 vult
324 2173 362 2219 in
383 2173 609 2237 Capitolium
628 2171 756 2218 venire
770 2207 784 2227 .,

120 2246 235 2292 Sellas
253 2262 337 2292 ante
358 2245 451 2310 petit
472 2244 718 2292 Patroclianas
731 2279 746 2299 ‚

119 2320 167 2364 Et
182 2318 286 2382 pedit
302 2318 498 2382 deciesque
512 2354 524 2375 ‚
544 2317 744 2381 viciesque.
1335 2334 1391 2367 ια
