1716 2927
338 109 421 152 IN
449 106 828 152 PRIAPUM
859 105 1128 152 LUSUS.

491 280 594 326 XV.
628 282 708 325 Ad
730 280 945 339 Priapum.

208 434 388 465 uAussus
409 416 665 480 Hippomenes
688 414 786 478 cepit
802 414 1022 461 Schoeneida
1042 415 1184 478 pomis:

179 491 360 550 Qualibus
382 487 621 552 Hesperidum
640 485 777 533 nobilis
796 485 925 532 hortus
943 502 1019 533 erat
1036 508 1046 533 ε
1099 524 1104 527 »

113 563 249 628 Qualia
268 562 444 609 credibile
465 561 514 608 est
528 596 540 614 ‚
559 560 771 625 spatiantem
790 578 871 606 rure
891 575 1048 624 paterno

181 634 388 681 Nauficaam
408 633 525 697 pleno
545 633 641 696 saepe
659 631 778 678 tulisse
797 631 896 678 finu:

111 706 238 769 ⁴Quale
254 705 321 751 fuit
340 705 472 750 malum
485 740 498 759 ‚
515 705 617 768 quod
638 704 744 751 litera
760 703 879 768 pinxit
897 703 1032 750 Aconti
1043 716 1063 758 ,ζ

180 781 266 839 Qua
286 779 402 832 lecta,
419 777 557 843 cupido
580 779 682 842 paRa
700 779 826 842 puella
845 777 926 824 viro
945 778 1018 836 est:

113 852 366 915 Taliacunque
386 871 478 916 puer
495 853 667 899 dominus
684 851 857 899 florentis
877 851 988 915 agelli

179 924 359 989 Imposuit
376 926 534 980 mensae,
553 926 650 972 nude
673 925 801 988 Priape
816 960 828 978 ‚
847 939 931 971 tuae.

531 1099 659 1145 XVI.
695 1101 896 1159 Priapus.

207 1267 285 1295 um
301 1266 444 1297 mecum
467 1248 560 1302 tibi,
583 1247 732 1294 circitor
747 1248 930 1294 moleste?

112 1326 174 1369 Ad
193 1341 251 1368 me
272 1321 359 1384 quid
378 1320 553 1384 prohibes
570 1319 700 1365 venire
717 1320 863 1366 finem?

114 1396 306 1450 Accedat,
322 1393 418 1439 fine:
441 1391 559 1439 laxior
575 1391 723 1439 redibit.

529 1574 673 1621 XVII.
710 1572 907 1632 Priapus,

121 1685 465 1772 Commotus
486 1721 566 1767 haec
584 1721 634 1766 est
650 1721 688 1766 in
705 1719 832 1766 nostro
849 1716 1004 1765 maxima
1024 1726 1151 1781 peneq

182 1798 276 1842 Laxa
294 1795 396 1858 quod
415 1795 488 1842 ess'e
504 1793 593 1841 mihi
615 1793 751 1839 femina
771 1791 869 1837 nulla
885 1790 1020 1855 potest„

534 1938 698 1997 'xvuL
733 1952 931 2010 Priapus,

125 2064 416 2157 ECQUANDO
432 2100 628 2147 Telethusa
643 2136 655 2155 ‚
672 2100 875 2148 circulatrix
890 2137 904 2156 ‚

119 2178 208 2235 Qua
225 2176 368 2220 clunem
385 2210 398 2229 ‚
419 2172 539 2219 tunica
557 2188 714 2235 tegente
731 2173 828 2219 nulla
844 2208 857 2227 .,

123 2247 226 2292 Extis
242 2246 358 2309 aptius
371 2281 383 2298 ‚
400 2244 581 2307 altiusque
600 2260 738 2297 motat,

128 2317 295 2366 Criffabit
311 2316 375 2364 tibi
389 2352 402 2372 ,
419 2316 620 2364 finiluante·
632 2315 758 2366 lumbo
772 2321 788 2363 ἒ

1301 120 1361 166 29
1366 121 1384 168 5
