1767 2881
264 117 340 150 ΧΠ
504 105 572 148 Μ.
612 102 775 148 VAL.
812 102 1268 148 MARTIALIS

263 215 333 259 Ex
355 210 516 274 quibus
539 210 767 257 concludo
785 246 804 269 ,ἱ
828 221 1010 272 poetam
1040 209 1117 257 sub
1136 211 1323 257 Nerone
1341 245 1355 268 ‚
1376 209 1542 268 Galba,

263 295 478 349 Othone,
505 293 691 340 Vitellio
709 325 724 349 ‚
751 292 1019 355 Vespasiano
1034 328 1048 351 ‚
1077 293 1214 351 Tito,
1234 292 1508 341 Domitiano
1528 329 1546 352 ‚

264 378 418 422 Nerva
438 412 452 435 ‚
482 375 680 437 Traiano
701 413 714 434 ‚
750 377 910 422 Romae
929 375 1088 422 vixiss'e
1106 413 1122 433 ‚
1158 392 1259 423 cum
1281 413 1297 434 ,
1330 387 1381 422 ut
1415 376 1547 438 plane

264 459 408 505 sentio
427 495 441 515 ‚
469 458 546 504 sub
578 459 770 520 primum
794 457 979 520 Trajani
1014 476 1180 505 annum
1202 494 1216 516 ,
1250 458 1375 522 quod
1404 457 1460 504 ab
1488 474 1547 505 eo

262 541 561 604 negligeretur
580 578 594 597 ‚
622 541 667 587 in
695 541 881 603 patriam
898 540 1112 597 redierit,
1137 541 1289 605 ibique
1316 540 1417 603 post
1437 558 1549 605 qua-

265 624 518 669 driennium
543 660 556 679 ,
587 622 806 671 summum
838 622 1198 686 quinquennium
1223 625 1424 670 exassum
1440 659 1454 681 ,
1479 623 1551 670 ul-

265 702 424 752 timum
451 706 561 752 vitae
585 706 698 752 diem
732 705 967 772 clauserit,
993 706 1056 753 ita
1087 717 1139 753 ut
1165 712 1436 768 ἓξκκῡνταετῖις
1457 705 1552 754 fere

268 788 465 845 obierit,
496 798 570 834 aut
597 804 762 833 annum
793 788 910 834 ultra
940 788 1080 837 vitam
1113 786 1384 853 prorogarit.
1423 788 1554 836 Obiit

267 887 376 934 ergo
414 887 536 917 anno
574 869 682 933 post
711 871 767 918 C.
800 872 857 917 N.
893 872 999 919 CIV
1040 883 1115 919 aut
1150 871 1342 936 quinto,
1375 871 1556 933 Trajani

268 965 431 1016 quarto
458 964 531 999 aut
558 953 749 1015 quintO,
774 954 884 1000 Sura
906 956 955 1003 &
983 954 1202 1002 Serviano
1235 954 1399 1000 iterum
1429 953 1553 1001 Cofl'.

270 1034 462 1099 Olymp.
494 1036 673 1082 CCXX
701 1053 738 1082 a.
768 1037 839 1094 11,
871 1036 972 1100 post
1001 1040 1057 1086 U.
1085 1037 1139 1085 C.
1169 1050 1411 1084 DCCCLIV.
1460 1038 1554 1083 Ro-

270 1134 356 1163 mae
390 1117 665 1165 Domitiano
685 1154 700 1176 ,
733 1117 874 1164 immo
915 1120 965 1166 &
996 1119 1109 1166 Tito
1153 1137 1282 1168 carus
1325 1118 1558 1182 gratusque

271 1197 358 1245 fuit
380 1235 394 1257 ,
425 1199 683 1264 magnisque
723 1200 977 1247 honoribus
1014 1204 1062 1249 &
1099 1201 1231 1248 donis
1274 1201 1330 1248 ab
1361 1213 1559 1265 utroque

272 1292 489 1328 ornatus:
514 1281 611 1349 jure
643 1299 805 1345 nempe
842 1282 980 1329 trium
1010 1283 1256 1348 liberorum
1274 1321 1291 1340 ,
1323 1285 1451 1346 quod
1483 1283 1558 1329 so-

271 1363 367 1409 ium
401 1365 647 1424 Imperator
679 1363 970 1420 conferebat,
999 1354 1296 1429 maximaeque
1326 1381 1561 1428 argumen-

270 1456 367 1492 tum
396 1445 546 1509 gratiae
582 1456 688 1493 erat.
721 1446 793 1493 De
820 1462 915 1510 quo
947 1446 1113 1496 Plinius
1144 1448 1327 1506 minor,
1345 1447 1563 1501 Tacitusg

274 1527 477 1589 Lipsius,
507 1527 609 1588 alii,
637 1529 688 1576 &
720 1545 806 1576 nos
835 1528 916 1575 suo
952 1529 1076 1576 loco,
1115 1518 1348 1577 Gloriatur
1379 1530 1433 1578 de
1468 1529 1561 1579 hoc

274 1626 461 1657 munere
480 1622 616 1674 poeta
645 1610 722 1658 lib.
752 1613 810 1658 111
839 1610 977 1675 epigr.
1009 1625 1085 1676 95.

341 1743 523 1788 Praemia
542 1743 714 1786 laudato
734 1742 879 1787 tribuit
905 1742 1010 1786 milii
1042 1741 1177 1800 Caesar
1193 1755 1351 1800 uterque
1366 1775 1385 1799 3

412 1826 694 1884 Natorumque
726 1826 841 1869 dedit
857 1823 959 1880 jura
983 1839 1163 1885 paterna
1190 1825 1329 1870 trium.

278 1961 332 2010 &
355 1959 433 2009 lib.
464 1961 530 2007 IX
557 1960 694 2025 epigr.
721 1959 798 2025 98.

348 2099 576 2158 Rumpitur
602 2099 768 2142 invidia
785 2132 799 2155 ,
825 2098 968 2143 tribuit
987 2095 1104 2156 quod
1129 2092 1268 2154 Caesar
1282 2106 1445 2152 uterque>

415 2181 495 2227 Jus
519 2181 624 2226 mihi
653 2195 847 2226 natorum
865 2213 880 2237 ‚
912 2180 1117 2240 rumpitur
1145 2176 1323 2222 invidia.

289 2309 340 2356 ὃ(
365 2306 443 2354 lib.
473 2309 513 2354 11
542 2307 681 2372 epigr.
713 2324 792 2371 92.
