<?xml version="1.0" encoding="UTF-8"?>
<!DOCTYPE html PUBLIC "-//W3C//DTD XHTML 1.0 Transitional//EN"
    "http://www.w3.org/TR/xhtml1/DTD/xhtml1-transitional.dtd">
<html xmlns="http://www.w3.org/1999/xhtml" xml:lang="en" lang="en">
 <head>
  <title>
</title>
<meta http-equiv="Content-Type" content="text/html;charset=utf-8" />
  <meta name='ocr-system' content='tesseract 3.04.00' />
  <meta name='ocr-capabilities' content='ocr_page ocr_carea ocr_par ocr_line ocrx_word'/>
</head>
<body>
  <div class='ocr_page' id='page_1' title='image "./epigrammataadopt00martuoft_0105.png"; bbox 0 0 1716 2927; ppageno 0'>
   <div class='ocr_carea' id='block_1_1' title="bbox 330 115 1247 163">
    <p class='ocr_par' dir='ltr' id='par_1_1' title="bbox 330 115 1247 163">
     <span class='ocr_line' id='line_1_1' title="bbox 330 115 1247 163; baseline 0.001 -2"><span class='ocrx_word' id='word_1_1' title='bbox 330 115 1010 162; x_wconf 76' lang='lat' dir='ltr'><em>EPIGRAMMATUM</em></span> <span class='ocrx_word' id='word_1_2' title='bbox 1038 115 1172 162; x_wconf 86' lang='lat' dir='ltr'><em>LIB.</em></span> <span class='ocrx_word' id='word_1_3' title='bbox 1208 119 1247 163; x_wconf 89' lang='lat' dir='ltr'>J.</span> 
     </span>
    </p>
   </div>
   <div class='ocr_carea' id='block_1_2' title="bbox 149 220 881 941">
    <p class='ocr_par' dir='ltr' id='par_1_2' title="bbox 151 220 881 578">
     <span class='ocr_line' id='line_1_2' title="bbox 153 220 830 285; baseline 0 -18"><span class='ocrx_word' id='word_1_4' title='bbox 153 220 273 267; x_wconf 81' lang='lat' dir='ltr'>Castae</span> <span class='ocrx_word' id='word_1_5' title='bbox 289 234 406 267; x_wconf 81' lang='lat' dir='ltr'><strong>tantus</strong></span> <span class='ocrx_word' id='word_1_6' title='bbox 422 220 511 267; x_wconf 82' lang='lat' dir='ltr'>inest</span> <span class='ocrx_word' id='word_1_7' title='bbox 530 221 653 285; x_wconf 79' lang='lat' dir='ltr'>pudor</span> <span class='ocrx_word' id='word_1_8' title='bbox 674 220 830 267; x_wconf 76' lang='lat' dir='ltr'>catellae.</span> 
     </span>
     <span class='ocr_line' id='line_1_3' title="bbox 151 294 845 357; baseline 0.001 -19"><span class='ocrx_word' id='word_1_9' title='bbox 151 306 305 357; x_wconf 81' lang='lat' dir='ltr'>Ignorat</span> <span class='ocrx_word' id='word_1_10' title='bbox 323 297 506 340; x_wconf 85' lang='lat' dir='ltr'>Venerem</span> <span class='ocrx_word' id='word_1_11' title='bbox 522 298 533 337; x_wconf 74' lang='grc' dir='ltr'>ε’</span> <span class='ocrx_word' id='word_1_12' title='bbox 552 312 620 340; x_wconf 88' lang='lat' dir='ltr'>nec</span> <span class='ocrx_word' id='word_1_13' title='bbox 639 294 845 340; x_wconf 85' lang='lat' dir='ltr'>invenimus</span> 
     </span>
     <span class='ocr_line' id='line_1_4' title="bbox 152 366 849 434; baseline 0.004 -23"><span class='ocrx_word' id='word_1_14' title='bbox 152 366 319 430; x_wconf 80' lang='lat' dir='ltr'>Dignum</span> <span class='ocrx_word' id='word_1_15' title='bbox 340 384 410 422; x_wconf 81' lang='lat' dir='ltr'>tam</span> <span class='ocrx_word' id='word_1_16' title='bbox 429 384 553 416; x_wconf 78' lang='lat' dir='ltr'>tenera</span> <span class='ocrx_word' id='word_1_17' title='bbox 574 368 688 415; x_wconf 81' lang='lat' dir='ltr'>virum</span> <span class='ocrx_word' id='word_1_18' title='bbox 708 369 849 434; x_wconf 57' lang='lat' dir='ltr'>puellm</span> 
     </span>
     <span class='ocr_line' id='line_1_5' title="bbox 152 436 881 506; baseline 0.004 -21"><span class='ocrx_word' id='word_1_19' title='bbox 152 436 255 486; x_wconf 83' lang='lat' dir='ltr'>Hanc</span> <span class='ocrx_word' id='word_1_20' title='bbox 276 459 322 486; x_wconf 87' lang='lat' dir='ltr'>ne</span> <span class='ocrx_word' id='word_1_21' title='bbox 343 441 403 486; x_wconf 83' lang='lat' dir='ltr'>lux</span> <span class='ocrx_word' id='word_1_22' title='bbox 422 441 535 504; x_wconf 75' lang='lat' dir='ltr'>rapiat</span> <span class='ocrx_word' id='word_1_23' title='bbox 556 441 721 506; x_wconf 84' lang='lat' dir='ltr'>suprema</span> <span class='ocrx_word' id='word_1_24' title='bbox 737 458 881 495; x_wconf 81' lang='lat' dir='ltr'>totam,</span> 
     </span>
     <span class='ocr_line' id='line_1_6' title="bbox 151 512 790 578; baseline 0.003 -20"><span class='ocrx_word' id='word_1_25' title='bbox 151 512 250 559; x_wconf 52' lang='lat' dir='ltr'>Pi&amp;</span> <span class='ocrx_word' id='word_1_26' title='bbox 267 513 413 559; x_wconf 81' lang='lat' dir='ltr'>Publius</span> <span class='ocrx_word' id='word_1_27' title='bbox 435 515 610 578; x_wconf 82' lang='lat' dir='ltr'>exprimit</span> <span class='ocrx_word' id='word_1_28' title='bbox 627 515 761 561; x_wconf 67' lang='lat' dir='ltr'>tabella</span> <span class='ocrx_word' id='word_1_29' title='bbox 776 549 790 568; x_wconf 86' lang='lat'>.‚</span> 
     </span>
    </p>

    <p class='ocr_par' dir='ltr' id='par_1_3' title="bbox 149 585 852 941">
     <span class='ocr_line' id='line_1_7' title="bbox 150 585 848 647; baseline 0.004 -18"><span class='ocrx_word' id='word_1_30' title='bbox 150 588 191 630; x_wconf 88' lang='lat' dir='ltr'>In</span> <span class='ocrx_word' id='word_1_31' title='bbox 213 603 283 647; x_wconf 86' lang='lat' dir='ltr'>qua</span> <span class='ocrx_word' id='word_1_32' title='bbox 302 601 371 630; x_wconf 83' lang='lat' dir='ltr'>tam</span> <span class='ocrx_word' id='word_1_33' title='bbox 392 585 542 632; x_wconf 77' lang='lat' dir='ltr'>similem</span> <span class='ocrx_word' id='word_1_34' title='bbox 561 586 701 632; x_wconf 84' lang='lat' dir='ltr'>videbis</span> <span class='ocrx_word' id='word_1_35' title='bbox 721 586 848 640; x_wconf 60' lang='lat' dir='ltr'>issamg</span> 
     </span>
     <span class='ocr_line' id='line_1_8' title="bbox 151 654 769 723; baseline 0.005 -21"><span class='ocrx_word' id='word_1_36' title='bbox 151 660 202 702; x_wconf 93' lang='lat' dir='ltr'>Ut</span> <span class='ocrx_word' id='word_1_37' title='bbox 220 657 261 702; x_wconf 88' lang='lat' dir='ltr'>fit</span> <span class='ocrx_word' id='word_1_38' title='bbox 277 654 347 704; x_wconf 54' lang='lat' dir='ltr'>ta&#39;m</span> <span class='ocrx_word' id='word_1_39' title='bbox 365 657 489 703; x_wconf 81' lang='lat' dir='ltr'>fimilis</span> <span class='ocrx_word' id='word_1_40' title='bbox 508 658 571 704; x_wconf 85' lang='lat' dir='ltr'>fibi</span> <span class='ocrx_word' id='word_1_41' title='bbox 594 678 662 705; x_wconf 88' lang='lat' dir='ltr'>nec</span> <span class='ocrx_word' id='word_1_42' title='bbox 679 658 769 723; x_wconf 85' lang='lat' dir='ltr'>ipsa.</span> 
     </span>
     <span class='ocr_line' id='line_1_9' title="bbox 149 731 830 796; baseline 0.001 -20"><span class='ocrx_word' id='word_1_43' title='bbox 149 731 251 776; x_wconf 82' lang='lat' dir='ltr'>Iffam</span> <span class='ocrx_word' id='word_1_44' title='bbox 269 731 430 795; x_wconf 88' lang='lat' dir='ltr'>denique</span> <span class='ocrx_word' id='word_1_45' title='bbox 451 751 553 796; x_wconf 90' lang='lat' dir='ltr'>pone</span> <span class='ocrx_word' id='word_1_46' title='bbox 571 751 651 778; x_wconf 90' lang='lat' dir='ltr'>cum</span> <span class='ocrx_word' id='word_1_47' title='bbox 670 731 830 778; x_wconf 82' lang='lat' dir='ltr'>tabella:</span> 
     </span>
     <span class='ocr_line' id='line_1_10' title="bbox 150 803 852 868; baseline 0 -20"><span class='ocrx_word' id='word_1_48' title='bbox 150 805 225 848; x_wconf 80' lang='lat' dir='ltr'>Aut</span> <span class='ocrx_word' id='word_1_49' title='bbox 244 818 437 868; x_wconf 81' lang='lat' dir='ltr'>utramque</span> <span class='ocrx_word' id='word_1_50' title='bbox 454 804 596 868; x_wconf 82' lang='lat' dir='ltr'>putabis</span> <span class='ocrx_word' id='word_1_51' title='bbox 615 803 688 852; x_wconf 79' lang='lat' dir='ltr'>effe</span> <span class='ocrx_word' id='word_1_52' title='bbox 705 821 827 850; x_wconf 83' lang='lat' dir='ltr'>veram</span> <span class='ocrx_word' id='word_1_53' title='bbox 839 838 852 857; x_wconf 93' lang='lat'>,</span> 
     </span>
     <span class='ocr_line' id='line_1_11' title="bbox 150 876 844 941; baseline 0.004 -20"><span class='ocrx_word' id='word_1_54' title='bbox 150 878 228 922; x_wconf 87' lang='lat' dir='ltr'>Aut</span> <span class='ocrx_word' id='word_1_55' title='bbox 243 890 434 940; x_wconf 82' lang='lat' dir='ltr'>utramque</span> <span class='ocrx_word' id='word_1_56' title='bbox 451 876 594 941; x_wconf 83' lang='lat' dir='ltr'>putabis</span> <span class='ocrx_word' id='word_1_57' title='bbox 613 877 685 924; x_wconf 90' lang='lat' dir='ltr'>esse</span> <span class='ocrx_word' id='word_1_58' title='bbox 701 877 844 941; x_wconf 66' lang='lat' dir='ltr'>piEiarn.</span> 
     </span>
    </p>
   </div>
   <div class='ocr_carea' id='block_1_3' title="bbox 543 1069 1011 1117">
    <p class='ocr_par' dir='ltr' id='par_1_4' title="bbox 543 1069 1011 1117">
     <span class='ocr_line' id='line_1_12' title="bbox 543 1069 1011 1117; baseline 0.002 -3"><span class='ocrx_word' id='word_1_59' title='bbox 543 1069 667 1117; x_wconf 86' lang='lat' dir='ltr'><strong>CXI.</strong></span> <span class='ocrx_word' id='word_1_60' title='bbox 700 1073 781 1116; x_wconf 79' lang='lat' dir='ltr'>Ad</span> <span class='ocrx_word' id='word_1_61' title='bbox 812 1073 1011 1116; x_wconf 67' lang='lat' dir='ltr'>Velocem.</span> 
     </span>
    </p>
   </div>
   <div class='ocr_carea' id='block_1_4' title="bbox 152 1188 1269 1365">
    <p class='ocr_par' dir='ltr' id='par_1_5' title="bbox 152 1188 1269 1365">
     <span class='ocr_line' id='line_1_13' title="bbox 152 1188 1269 1294; baseline -0.001 -18"><span class='ocrx_word' id='word_1_62' title='bbox 152 1188 388 1276; x_wconf 78' lang='lat' dir='ltr'>SCRIBERE</span> <span class='ocrx_word' id='word_1_63' title='bbox 407 1246 466 1275; x_wconf 88' lang='lat' dir='ltr'>me</span> <span class='ocrx_word' id='word_1_64' title='bbox 482 1230 645 1292; x_wconf 77' lang='lat' dir='ltr'>quereris</span> <span class='ocrx_word' id='word_1_65' title='bbox 659 1267 671 1285; x_wconf 82' lang='lat'>‚</span> <span class='ocrx_word' id='word_1_66' title='bbox 693 1231 820 1277; x_wconf 87' lang='lat' dir='ltr'>Velox</span> <span class='ocrx_word' id='word_1_67' title='bbox 833 1266 845 1283; x_wconf 85' lang='lat'>‚</span> <span class='ocrx_word' id='word_1_68' title='bbox 866 1229 1124 1294; x_wconf 85' lang='lat' dir='ltr'>epigrammata</span> <span class='ocrx_word' id='word_1_69' title='bbox 1140 1229 1269 1293; x_wconf 73' lang='lat' dir='ltr'>longa,</span> 
     </span>
     <span class='ocr_line' id='line_1_14' title="bbox 217 1300 946 1365; baseline 0 -19"><span class='ocrx_word' id='word_1_70' title='bbox 217 1300 299 1365; x_wconf 86' lang='lat' dir='ltr'>Ipse</span> <span class='ocrx_word' id='word_1_71' title='bbox 319 1301 409 1347; x_wconf 88' lang='lat' dir='ltr'>nihil</span> <span class='ocrx_word' id='word_1_72' title='bbox 429 1301 576 1348; x_wconf 79' lang='lat' dir='ltr'>scribis:</span> <span class='ocrx_word' id='word_1_73' title='bbox 594 1317 633 1348; x_wconf 86' lang='lat' dir='ltr'>tu</span> <span class='ocrx_word' id='word_1_74' title='bbox 651 1302 827 1348; x_wconf 84' lang='lat' dir='ltr'>breviora</span> <span class='ocrx_word' id='word_1_75' title='bbox 845 1302 946 1347; x_wconf 85' lang='lat' dir='ltr'>facis.</span> 
     </span>
    </p>
   </div>
   <div class='ocr_carea' id='block_1_5' title="bbox 530 1491 1032 1555">
    <p class='ocr_par' dir='ltr' id='par_1_6' title="bbox 530 1491 1032 1555">
     <span class='ocr_line' id='line_1_15' title="bbox 530 1491 1032 1555; baseline 0.006 -18"><span class='ocrx_word' id='word_1_76' title='bbox 530 1491 673 1539; x_wconf 90' lang='lat' dir='ltr'>CXII.</span> <span class='ocrx_word' id='word_1_77' title='bbox 707 1495 790 1538; x_wconf 80' lang='lat' dir='ltr'>Ad</span> <span class='ocrx_word' id='word_1_78' title='bbox 813 1493 1032 1555; x_wconf 76' lang='lat' dir='ltr'>Regulum.</span> 
     </span>
    </p>
   </div>
   <div class='ocr_carea' id='block_1_6' title="bbox 148 1614 1186 1940">
    <p class='ocr_par' dir='ltr' id='par_1_7' title="bbox 150 1614 1186 1792">
     <span class='ocr_line' id='line_1_16' title="bbox 150 1614 1186 1719; baseline -0.001 -16"><span class='ocrx_word' id='word_1_79' title='bbox 150 1614 300 1703; x_wconf 71' lang='lat' dir='ltr'>Cum</span> <span class='ocrx_word' id='word_1_80' title='bbox 316 1653 381 1700; x_wconf 84' lang='lat' dir='ltr'>tibi</span> <span class='ocrx_word' id='word_1_81' title='bbox 400 1653 442 1700; x_wconf 84' lang='lat' dir='ltr'>fit</span> <span class='ocrx_word' id='word_1_82' title='bbox 459 1653 601 1718; x_wconf 83' lang='lat' dir='ltr'>sophiae</span> <span class='ocrx_word' id='word_1_83' title='bbox 617 1673 681 1719; x_wconf 86' lang='lat' dir='ltr'>par</span> <span class='ocrx_word' id='word_1_84' title='bbox 696 1654 788 1702; x_wconf 80' lang='lat' dir='ltr'>fama</span> <span class='ocrx_word' id='word_1_85' title='bbox 799 1689 812 1709; x_wconf 91' lang='lat'>‚</span> <span class='ocrx_word' id='word_1_86' title='bbox 831 1654 871 1702; x_wconf 71' lang='grc' dir='ltr'>δε</span> <span class='ocrx_word' id='word_1_87' title='bbox 888 1673 974 1702; x_wconf 85' lang='lat' dir='ltr'>cura</span> <span class='ocrx_word' id='word_1_88' title='bbox 989 1658 1186 1710; x_wconf 63' lang='lat' dir='ltr'>Deorumg</span> 
     </span>
     <span class='ocr_line' id='line_1_17' title="bbox 211 1726 928 1792; baseline 0.003 -20"><span class='ocrx_word' id='word_1_89' title='bbox 211 1726 366 1791; x_wconf 80' lang='lat' dir='ltr'>Ingenio</span> <span class='ocrx_word' id='word_1_90' title='bbox 386 1726 500 1789; x_wconf 84' lang='lat' dir='ltr'>pietas</span> <span class='ocrx_word' id='word_1_91' title='bbox 518 1746 587 1774; x_wconf 89' lang='lat' dir='ltr'>nec</span> <span class='ocrx_word' id='word_1_92' title='bbox 603 1728 724 1774; x_wconf 88' lang='lat' dir='ltr'>minor</span> <span class='ocrx_word' id='word_1_93' title='bbox 743 1728 817 1792; x_wconf 81' lang='lat' dir='ltr'>ipsa</span> <span class='ocrx_word' id='word_1_94' title='bbox 836 1744 928 1776; x_wconf 88' lang='lat' dir='ltr'>tuo:</span> 
     </span>
    </p>

    <p class='ocr_par' dir='ltr' id='par_1_8' title="bbox 148 1801 1097 1940">
     <span class='ocr_line' id='line_1_18' title="bbox 148 1801 1097 1866; baseline 0.002 -17"><span class='ocrx_word' id='word_1_95' title='bbox 148 1803 304 1864; x_wconf 77' lang='lat' dir='ltr'>Ignorat</span> <span class='ocrx_word' id='word_1_96' title='bbox 318 1801 455 1847; x_wconf 79' lang='lat' dir='ltr'>meritis</span> <span class='ocrx_word' id='word_1_97' title='bbox 472 1802 559 1848; x_wconf 87' lang='lat' dir='ltr'>dare</span> <span class='ocrx_word' id='word_1_98' title='bbox 575 1820 726 1849; x_wconf 88' lang='lat' dir='ltr'>munera</span> <span class='ocrx_word' id='word_1_99' title='bbox 738 1839 751 1858; x_wconf 88' lang='lat'><em>‚</em></span> <span class='ocrx_word' id='word_1_100' title='bbox 770 1801 834 1866; x_wconf 81' lang='lat' dir='ltr'>qui</span> <span class='ocrx_word' id='word_1_101' title='bbox 854 1803 921 1850; x_wconf 81' lang='lat' dir='ltr'>tibi</span> <span class='ocrx_word' id='word_1_102' title='bbox 939 1803 1097 1859; x_wconf 59' lang='lat' dir='ltr'>librum4</span> 
     </span>
     <span class='ocr_line' id='line_1_19' title="bbox 213 1872 919 1940; baseline 0.006 -22"><span class='ocrx_word' id='word_1_103' title='bbox 213 1875 258 1919; x_wconf 92' lang='lat' dir='ltr'>Et</span> <span class='ocrx_word' id='word_1_104' title='bbox 277 1872 341 1938; x_wconf 89' lang='lat' dir='ltr'>qui</span> <span class='ocrx_word' id='word_1_105' title='bbox 356 1873 504 1922; x_wconf 87' lang='lat' dir='ltr'>miratur</span> <span class='ocrx_word' id='word_1_106' title='bbox 517 1909 531 1929; x_wconf 93' lang='lat'>‚</span> <span class='ocrx_word' id='word_1_107' title='bbox 543 1875 691 1940; x_wconf 84' lang='lat' dir='ltr'>Regule</span> <span class='ocrx_word' id='word_1_108' title='bbox 702 1909 717 1930; x_wconf 90' lang='lat'><strong>‚</strong></span> <span class='ocrx_word' id='word_1_109' title='bbox 734 1889 814 1922; x_wconf 84' lang='lat' dir='ltr'><strong>tura</strong></span> <span class='ocrx_word' id='word_1_110' title='bbox 828 1875 919 1923; x_wconf 86' lang='lat' dir='ltr'>dari.</span> 
     </span>
    </p>
   </div>
   <div class='ocr_carea' id='block_1_7' title="bbox 1379 131 1437 180">
    <p class='ocr_par' dir='ltr' id='par_1_9' title="bbox 1379 131 1437 180">
     <span class='ocr_line' id='line_1_20' title="bbox 1379 131 1437 180; baseline -0.052 0"><span class='ocrx_word' id='word_1_111' title='bbox 1379 131 1437 180; x_wconf 80' lang='lat'>59</span> 
     </span>
    </p>
   </div>
   <div class='ocr_carea' id='block_1_8' title="bbox 1379 311 1431 354">
    <p class='ocr_par' dir='ltr' id='par_1_10' title="bbox 1379 311 1431 354">
     <span class='ocr_line' id='line_1_21' title="bbox 1379 311 1431 354; baseline 0 0"><span class='ocrx_word' id='word_1_112' title='bbox 1379 311 1431 354; x_wconf 84' lang='lat'>15</span> 
     </span>
    </p>
   </div>
   <div class='ocr_carea' id='block_1_9' title="bbox 1380 677 1438 705">
    <p class='ocr_par' dir='ltr' id='par_1_11' title="bbox 1380 677 1438 705">
     <span class='ocr_line' id='line_1_22' title="bbox 1380 677 1438 705; baseline 0 0"><span class='ocrx_word' id='word_1_113' title='bbox 1380 677 1438 705; x_wconf 81' lang='lat'>20</span> 
     </span>
    </p>
   </div>
  </div>
 </body>
</html>
