1716 2927
280 130 933 209 ‘'EPIGRAMMATUM
965 159 1014 202 L.
1056 156 1185 203 Vm.

93 268 254 318 Grandia
272 287 382 334 quam
401 267 524 314 decuit
540 267 652 313 latum
677 263 855 313 venabula
873 262 997 326 pectus
1011 296 1025 316 ,

156 346 377 407 Quantaque
396 343 443 388 de
462 359 593 405 magna
612 337 743 404 gaudia
765 352 886 383 morte
904 334 1013 381 tulit!

95 417 205 464 Unde
224 415 293 461 tuis
309 450 322 468 ‚
337 413 452 477 Libye
469 447 481 466 ‚
501 428 574 459 tarn
594 410 684 456 felix
703 407 825 474 gloria
845 404 973 452 silvis?

158 491 190 534 Α
210 487 374 551 Cybeles
395 484 573 549 numquid
592 499 740 530 venerat
760 481 824 527 ille
844 479 973 543 jugis?

95 561 155 610 'An
173 560 288 624 magis
313 559 500 605 Herculeo
515 594 526 612 ‚
545 554 768 603 Germanice
781 590 793 608 ‚
813 551 906 599 mifit
924 550 968 597 ab
987 549 1082 596 astro

83 668 87 669 ν
158 637 263 681 Hanc
281 632 348 680 tibi
364 632 424 682 vel
441 632 549 679 frater
564 665 577 685 ‚
592 629 654 676 vel
673 643 779 693 pater
798 626 875 691 ipse
893 623 1032 672 feram?

476 826 592 872 LVI.
625 826 708 870 Ad
735 826 944 869 Flaccum.

105 953 440 1041 TEMPoRmus
459 988 589 1037 nostris
609 1004 697 1036 aetas
723 1006 806 1035 cum
826 985 931 1032 cedat
949 993 1131 1038 avorum3

167 1065 335 1110 Creverit
356 1063 396 1111 δι
410 1063 531 1125 major
553 1081 634 1109 cum
651 1063 746 1109 duce
763 1065 881 1108 Roma
899 1057 991 1103 suo:

103 1134 302 1200 Ingenium
321 1134 409 1181 sacti
428 1133 568 1179 miraris
585 1133 706 1180 abeffe
725 1129 895 1178 Maronis
908 1163 921 1182 ‚

91 1223 95 1226 “
169 1209 252 1253 Nec
271 1223 494 1268 quemquam
511 1221 610 1252 tanta
628 1206 727 1252 bella
744 1206 876 1252 sonare
895 1205 995 1252 tuba.

111 1279 191 1326 Sint
206 1281 435 1324 Maecenates
449 1313 462 1331 ‚
482 1296 562 1324 non
581 1280 757 1332 deerunt,
778 1279 908 1324 Flacce
920 1314 935 1335 ,
955 1280 1130 1325 Marones
1145 1309 1159 1330 ,

172 1348 448 1413 Virgiliumque
470 1348 537 1394 tibi
556 1350 617 1395 vel
634 1365 695 1395 tua
714 1367 795 1394 rura
812 1349 964 1395 dabunt.

112 1429 244 1487 Jugera
265 1422 477 1487 perdiderat
495 1422 637 1469 miserae
656 1421 778 1468 vicina
798 1425 1026 1476 Cremonae3

173 1500 303 1546 Flebat
321 1497 361 1544 δε
377 1497 546 1543 abductas
567 1497 716 1560 Tityrus
734 1514 834 1560 aeger
856 1514 960 1542 oves.

114 1571 201 1620 Risu
217 1571 358 1617 Tuscus
375 1587 488 1633 eques
503 1604 516 1623 ‚
534 1571 860 1633 paupertatemque
875 1568 1074 1632 malignam

179 1644 385 1709 Reppulit,
403 1643 442 1690 &
461 1643 575 1689 celeri
594 1642 687 1705 juffit
705 1642 807 1688 abire
823 1641 923 1705 fuga.

116 1717 259 1781 Accipe
277 1716 420 1764 divitias
434 1752 446 1774 ,
471 1715 511 1762 δι
534 1733 658 1762 vatum
680 1714 855 1761 maximus
873 1715 973 1762 esto:

183 1793 243 1835 Tu
261 1790 349 1835 licet
369 1788 409 1834 Sc
427 1788 588 1834 nostrum
601 1822 613 1841 ,
631 1787 748 1840 dixit,
775 1786 907 1833 Alexin
924 1799 1037 1834 ames:

120 1863 291 1909 Adstabat
310 1860 450 1908 domini
469 1860 597 1907 menfis
616 1860 886 1923 pulcherrimus
903 1860 968 1906 ille
980 1850 1008 1914 ‚⁴

187 1937 399 1981 Marmorea
419 1934 575 1980 fundens
596 1934 698 1997 nigra
713 1933 868 1980 Falerna
886 1951 1024 1987 manu·‚

124 2012 171 2055 Et
192 2005 301 2054 libata
322 2007 429 2053 dabat
449 2005 564 2053 roseis
586 2003 763 2052 carchefia
785 2004 921 2058 labris,

189 2085 289 2143 Quae
308 2095 482 2146 poterant
500 2079 616 2143 ipsum
634 2076 836 2124 sollicitare
854 2081 1000 2124 Iovem:

129 2154 275 2202 Excidit
292 2153 454 2200 attonito
475 2151 623 2216 pinguis
644 2151 796 2198 Galatea
816 2166 966 2214 poetae,

67 2288 71 2291 η
191 2225 374 2289 Thestylis
394 2224 434 2271 δι
450 2225 574 2270 rubras
594 2223 760 2269 meffibus
780 2223 853 2268 usta
873 2241 1004 2288 genas:

131 2298 304 2351 Protinus
323 2297 463 2344 Italiam
482 2295 683 2360 concepit,
705 2295 746 2342 δι
765 2313 860 2341 arma
876 2294 1097 2357 virumqueg

199 2368 278 2437 Qui
296 2369 411 2417 modo
431 2368 495 2419 vix
513 2366 685 2416 Culicem
703 2367 857 2415 fleverat
875 2384 942 2415 ore
961 2366 1056 2416 rudi.

1228 30 1290 42 ,fex

1306 166 1366 216 25

1257 530 1378 610 ,η

1344 1657 1400 1689 10

1352 2023 1401 2066 ¹5

1345 2384 1408 2415 20
