1716 2927
276 126 942 175 EPIGRAMMATUM
969 127 1104 176 LIB.
1137 131 1176 177 Ι.

97 234 133 282 Si
150 236 233 300 quis
251 236 320 283 erit
338 236 424 284 resti
446 235 565 282 custos
579 271 590 289 ‚
610 234 763 282 mirator
781 235 925 284 honesti
941 271 954 290 ‚

162 313 208 355 Et
225 309 315 355 nihil
333 327 466 356 arcano
485 309 548 374 qui
567 323 678 373 roget
698 327 764 356 ore
784 312 912 356 Deos:

94 382 133 429 Si
152 383 230 446 quis
251 382 319 428 erit
335 400 476 447 magnae
496 382 670 429 subnixus
692 382 832 429 robore
847 381 978 428 mentis
993 418 1008 439 ‚

160 454 373 519 Dispeream
388 490 401 509 .‚
417 454 443 500 fi
462 473 538 502 non
555 454 614 501 hic
632 453 817 502 Decianus
834 453 918 504 erit.

490 649 607 697 XLI.
640 651 723 696 Ad
745 652 955 697 Lividum.

91 779 237 886 ,Qffl
258 818 359 865 ducis
379 820 526 873 vultus,
542 819 582 867 &
602 838 680 866 non
699 819 794 884 legis
810 818 871 866 ista
888 819 1072 875 libenter3

160 890 342 938 Omnibus
359 891 522 941 invideas
534 927 547 948 ‚
567 891 698 940 Livide
710 928 722 947 ‚
742 910 855 939 nemo
874 891 953 939 tibi.

482 1087 618 1133 XLII.
654 1089 710 1133 In
737 1090 959 1134 Caecilium.

98 1202 359 1290 URBANUS
380 1242 472 1300 tibi,
492 1243 624 1291 Caecili
641 1280 653 1299 .,
670 1244 821 1292 videris.

97 1317 188 1359 Non
205 1331 244 1359 es
257 1348 270 1368 ,
289 1315 398 1360 crede
416 1315 515 1361 mihi.
537 1316 642 1375 Quid
659 1324 781 1380 ergo?
798 1336 908 1365 verna
924 1336 977 1365 es.

96 1390 183 1434 Hoc
200 1388 303 1450 quod
322 1387 617 1434 Transtiberinus
636 1389 843 1437 ambulator
856 1424 870 1444 ,

98 1459 179 1521 Qui
200 1459 374 1522 pallentia
397 1459 569 1506 sulfurata
589 1460 708 1507 fraffis

98 1537 281 1580 Permutat
298 1531 446 1579 vitreis:
468 1533 572 1596 quod
593 1533 726 1581 oriosae

95 1608 236 1656 Vendit
253 1609 315 1672 qui
332 1607 517 1655 madidum
539 1607 638 1655 cicer
654 1627 833 1658 coronae:

97 1683 215 1744 Quod
233 1685 350 1730 custos
366 1719 378 1739 ‚
396 1682 639 1746 dominusque
657 1682 890 1748 viperarum:

97 1758 218 1819 Quod
236 1757 329 1804 viles
351 1756 455 1821 pueri
477 1755 713 1803 salariorum:

96 1830 215 1890 Quod
234 1829 405 1876 fumantia
424 1829 486 1892 qui
503 1829 662 1877 tomacla
680 1848 808 1877 raucus

99 1903 327 1950 Circumfert
347 1903 484 1967 tepidis
501 1921 613 1949 cocus
631 1904 802 1968 popinis:

99 1976 220 2035 Quod
241 1994 318 2022 non
339 1975 500 2039 optimus
522 1975 680 2022 Urbicus
697 1991 831 2040 poeta:

99 2048 218 2109 Quod
234 2048 281 2093 de
301 2048 465 2094 Gadibus
487 2047 677 2112 improbus
697 2049 889 2113 magister:

98 2122 220 2182 Quod
238 2121 351 2167 bucca
371 2122 420 2168 est
439 2122 552 2169 vetuli
573 2122 712 2186 loquax
730 2121 875 2169 cinaedi.

100 2198 230 2256 Quare
249 2194 373 2242 desine
394 2196 465 2257 jam
488 2195 552 2242 tibi
569 2195 716 2250 videri,

98 2268 220 2328 Quod
237 2267 308 2314 soli
327 2268 418 2324 tibi,
437 2269 566 2316 Caecili
578 2305 591 2323 ‚
608 2269 764 2316 videris:

101 2340 184 2403 Qui
202 2342 355 2390 Galbam
375 2343 507 2391 salibus
525 2344 594 2392 tuis
607 2380 619 2399 ‚
638 2344 677 2392 ὅ(
695 2343 811 2408 ipsum

1326 1923 1380 1957 10
