1716 2927
311 159 371 193 22
578 140 647 192 M.
687 145 847 191 VAL.
886 144 1332 192 MARTIALIS

586 345 634 391 L.
670 348 752 392 Ad
771 345 971 405 Caesarem
990 345 1316 392 Domitianum.

316 474 557 582 QUAM-A
578 511 755 577 Gigantei
775 526 1003 559 memoratur
1023 512 1145 559 mensa
1166 510 1368 576 triumphi,'

382 587 605 648 Quantaque
625 604 700 633 nox
722 585 861 650 superis
881 585 1050 632 omnibus
1072 585 1136 632 illa
1155 585 1249 641 fuit,

317 661 405 720 Qua
423 659 543 704 bonus
561 660 732 706 accubuit
751 659 901 723 genitor
918 677 1001 706 cum
1021 659 1134 723 plebe
1153 663 1323 707 Deorum
1337 695 1351 715 ‚

384 735 430 778 Et
447 732 551 779 licuit
569 732 700 779 Faunis
717 735 875 797 poscere
896 733 983 780 vina
999 737 1154 780 Jovem:

320 805 434 850 Tanta
455 819 529 850 tuas
543 839 555 858 ‚
574 805 697 850 Caesar
711 840 724 859 .,
743 806 933 852 celebrant
952 805 1123 854 convivia
1139 806 1286 852 laurusz
1582 822 1603 870 ς

388 878 598 925 Exhilarant
617 879 717 944 ipsos
738 880 870 945 gaudia
891 882 1013 929 nostra
1032 885 1150 928 Deos.

321 952 492 999 Vescitur
512 952 631 999 omnis
652 971 766 1017 eques
784 969 906 1002 tecum
919 989 931 1008 ‚
950 954 1189 1019 populusque
1203 990 1216 1007 ,
1232 951 1454 1017 patresque,

389 1029 435 1072 Et
453 1027 551 1091 capit
567 1027 763 1074 ambrofias
786 1046 869 1073 cum
887 1028 980 1075 duce
999 1030 1119 1074 Roma
1138 1027 1265 1091 dapes.

325 1098 486 1146 Grandia
504 1100 694 1163 pollicitus
709 1137 721 1154 ‚
742 1117 883 1165 quanto
895 1101 1042 1164 majora
1061 1100 1214 1147 dedisti!

392 1174 565 1221 Promissa
584 1175 634 1221 est
651 1175 761 1222 nobis
778 1175 945 1240 sportula
959 1210 974 1230 ‚
992 1175 1089 1222 reRa
1106 1175 1189 1221 data
1208 1172 1281 1220 est.>
1554 1186 1571 1215 1
1584 1189 1613 1218 cv

579 1384 647 1430 LI.
683 1384 758 1429 De
766 1385 922 1445 plzictla
943 1383 1144 1451 Instantii
1160 1383 1277 1443 Rufi.

327 1514 490 1622 QUIS
512 1552 618 1599 labor
638 1552 677 1598 in
696 1552 843 1616 phiala?
863 1552 965 1600 doffi
982 1554 1101 1615 Myos
1116 1585 1128 1604 ‚
1144 1568 1235 1596 anne
1254 1547 1461 1612 Myronis?

393 1623 580 1670 Mentoris
600 1623 677 1669 haec
695 1641 822 1669 manus
842 1625 915 1678 est,
935 1642 981 1669 an
996 1658 1008 1676 ‚
1026 1622 1224 1685 Polyclete
1240 1656 1252 1675 ,
1268 1626 1359 1666 tua?

327 1696 486 1743 Livescit
505 1696 605 1742 nulla
623 1695 786 1759 caligine
803 1694 901 1741 fusca
915 1731 927 1749 ‚
948 1713 1016 1741 nec
1038 1693 1120 1740 odit

393 1768 661 1832 Exploratores
679 1766 804 1813 nubila
825 1766 931 1812 maffa
950 1766 1074 1812 focos.

327 1846 426 1890 Vera
446 1843 564 1889 minus
585 1841 683 1890 flavo
702 1841 845 1889 radiant
865 1841 998 1888 elestra
1018 1839 1172 1887 metallo
1188 1875 1202 1895 ,
1583 1850 1614 1899 ⁸5

395 1921 440 1964 Et
460 1919 609 1964 niveum
628 1916 716 1963 felix
734 1916 875 1981 pustula
894 1915 1009 1962 vincit
1027 1915 1131 1961 ebur.

326 1992 499 2039 Materiae
522 2011 598 2039 non
615 1992 715 2038 cedit
733 2009 850 2055 opus:
871 1989 920 2035 fic
939 1989 1067 2053 alligat
1088 1988 1217 2034 orbem
1231 2022 1244 2042 ,

393 2065 550 2112 Plurima
568 2084 650 2112 cum
671 2064 750 2112 rota
770 2064 938 2127 lampade
957 2066 1056 2108 Luna
1075 2061 1179 2107 nitet.

328 2142 407 2185 Stat
424 2156 533 2201 caper
552 2137 683 2184 AEolio
701 2135 872 2183 Thebani
891 2135 1034 2181 vellere
1051 2133 1190 2197 Phryxi

392 2211 548 2257 Cultus:
568 2210 613 2256 ab
630 2209 704 2256 hoc
719 2209 845 2255 masset
863 2208 965 2254 veRa
986 2207 1092 2253 fuifl'e
1109 2206 1231 2254 soror.
1561 2224 1578 2251 1
1590 2220 1616 2251 θ

329 2283 439 2327 Hunc
458 2299 526 2327 nec
545 2278 755 2343 Cinyphius
775 2278 909 2325 tonsor
926 2277 1150 2332 violaverit,
1170 2276 1210 2324 ἃ
1230 2292 1269 2323 tu

392 2353 475 2416 Ipse
494 2367 552 2400 tua
573 2351 670 2416 pasci
688 2352 764 2400 vite
780 2385 793 2406 ‚
813 2353 924 2413 Lyaee
938 2384 951 2404 ‚
970 2349 1075 2396 velis.
