1716 2927
272 145 945 224 EPIGRAMMATUM
976 179 1024 226 z„
1063 180 1143 224 VJ.
1265 191 1360 243 229

77 284 151 331 Sed
170 282 343 330 miserere
363 283 414 330 tui
431 319 442 337 ‚
462 284 588 330 rabido
609 302 675 329 nec
693 282 857 347 perditus
877 301 943 329 ore

76 360 292 404 Fumantem
311 358 432 403 nasum
453 356 528 403 vivi
545 356 740 403 tentaveriss
757 355 843 402 urfii

76 429 133 475 Sit
150 429 313 492 placidus
337 429 450 483 licet,
472 429 510 476 Sc
529 430 661 476 lambat
678 429 892 494 digitosque
908 465 920 484 ‚
938 429 1165 495 manusque3
1224 419 1236 426 ‘

77 501 117 547 Si
135 503 249 548 dolor
265 537 277 556 ‚
298 501 337 549 &
357 501 463 556 bilis,
481 501 505 547 st
526 502 614 565 justa
635 502 802 566 coegerit
819 502 870 548 ira
884 537 898 556 ‚
1302 518 1361 567 30

80 573 194 619 Ursus
216 574 307 620 erit:
327 592 439 620 vacua
457 575 587 619 dentes
606 572 640 619 in
658 574 758 636 pelle
782 574 935 639 fatiges,

79 646 126 690 Et
143 645 287 692 tacitam
308 654 447 709 quaer'as
460 679 472 699 ‚
492 662 600 708 quarn
619 644 728 708 poffis
745 645 881 691 rodere
899 657 1062 691 carnem

457 828 596 875 LXV.
631 830 680 873 A
681 831 713 874 d
735 830 931 874 Tuccamss

76 957 420 1045 HEXAMETRls
437 994 659 1059 epigramma
676 993 763 1040 facis
775 1028 787 1046 ‚
805 992 882 1040 fcio
903 992 1031 1040 dicere
1045 996 1224 1042 Tuccami

139 1073 287 1123 Tucca,
303 1069 398 1114 solet
417 1068 520 1122 fieri3
541 1069 719 1132 denique,
734 1071 860 1114 Tucca
873 1105 886 1124 ‚
903 1067 1001 1116 licet.

75 1142 150 1188 Sed
170 1157 291 1189 tamen
307 1141 382 1188 hoc
396 1142 555 1205 longum
568 1142 626 1188 est.
655 1142 751 1188 [olet
763 1140 839 1187 hoc
851 1159 1021 1206 quoque,
1033 1144 1174 1197 Tucca,
1185 1138 1361 1204 licetque:

131 1215 179 1271 ,Si
194 1215 367 1262 breviora
387 1215 524 1279 probas
535 1250 548 1269 ‚
568 1214 717 1261 disticha
734 1214 813 1261 sola
830 1214 943 1277 legas.

79 1283 295 1332 Conveniat
313 1287 421 1331 nobis
438 1307 446 1330 :
466 1301 505 1331 ut
521 1286 571 1331 fas
590 1284 850 1348 epigrammata
868 1286 982 1348 longa
1338 1299 1356 1342 ς

140 1357 195 1404 Sit
211 1357 357 1404 tranfire
375 1357 442 1403 tibi
458 1377 472 1412 ·‚
491 1356 650 1405 scribere
661 1390 674 1410 ‚
692 1360 817 1402 Tucca
831 1390 844 1409 ‚
861 1356 964 1402 mihi.

267 1548 429 1617 LXVI.
466 1549 735 1608 Depraecone
743 1548 930 1606 puellam
952 1545 1164 1593 vendente&

71 1660 257 1748 FAMAE
277 1714 354 1744 non
369 1695 519 1743 nimium
536 1694 850 1758 bonaepueilam,

73 1773 216 1832 Quales
237 1771 276 1815 in
295 1770 415 1816 media
434 1769 562 1815 sedent
580 1768 735 1814 Saburra
748 1804 762 1822 ‚

70 1842 269 1889 Vendebat
288 1841 405 1888 modo
425 1858 550 1903 praeco
572 1839 781 1886 Gellianus.·

72 1919 194 1962 Parvo
213 1932 294 1960 curn
313 1912 434 1977 pretio
454 1912 520 1958 diu
533 1911 687 1964 liceret,

72 1991 170 2034 Dum
192 2006 318 2051 puram
335 1986 435 2050 cupit
453 1985 659 2049 approbare
679 1981 844 2029 cunffis:
971 2029 974 2033 ,
1334 1997 1354 2046 5

72 2059 232 2107 Attraxit
250 2077 370 2122 prope
383 2059 424 2105 vfe
443 2076 549 2104 manu
569 2072 789 2119 negantemz

73 2135 121 2179 Et
138 2131 193 2178 bis
209 2166 222 2185 ‚
240 2147 372 2194 terque
387 2167 399 2184 ‚
419 2148 620 2193 quaterque
636 2128 800 2175 basiavit.

75 2203 182 2263 Quid
198 2203 400 2266 profecerit
418 2203 546 2249 osculo
563 2238 575 2256 ‚
596 2200 778 2265 requiris?

75 2279 281 2326 sexcentos
297 2277 415 2324 modo
433 2275 496 2340 qui
513 2276 620 2323 dabat
636 2311 648 2332 ‚
668 2271 829 2339 negavit.
