1716 2927
278 147 960 214 ‘EPIGRAMMA‘TUM
987 147 1036 194 L.
1075 151 1182 200 Vll,
1280 150 1372 199 281‘

317 331 483 378 XCVI.
517 333 794 392 Epitaphium
820 334 969 378 Urbici
977 336 1112 393 pueri.

93 445 366 532 commus
383 482 441 529 hic
460 502 535 548 ego
557 484 632 530 sum
651 483 737 531 Baffi
759 483 898 536 dolor,
914 480 1075 528 Urbicus
1091 479 1232 536 infans‚'

157 557 229 602 Cui
249 575 361 621 genus
382 556 421 603 δι
440 575 577 603 nomen
598 556 752 603 maxima
772 560 891 602 Roma
908 554 1024 602 dedit.

87 630 161 677 Sex
181 628 268 675 mihi
287 629 335 674 de
352 627 468 692 prima
484 628 634 675 deerant
654 627 844 674 trieteride
862 626 1005 673 menses
1020 660 1034 679 ‚

153 705 347 765 Ruperunt
366 701 506 747 tetricae
523 719 604 747 cum
621 700 716 747 mala
730 699 842 764 pensa
860 703 967 746 Deae.

85 774 193 837 Quid
210 773 352 837 species
366 809 378 828 ‚
396 773 485 837 quid
505 774 631 838 lingua
648 773 736 819 mihi
751 808 763 826 ,
782 773 867 837 quid
892 771 1036 837 profuit
1052 778 1164 821 aetas?
1347 787 1372 834 5¹

81 909 85 912 η
154 853 211 896 Da
229 850 393 896 lacrimas
408 852 551 896 tumulo
565 884 578 903 ,
595 849 658 913 qui
677 849 770 913 legis
789 848 848 895 ista
863 885 876 903 .,
897 866 997 894 meo,

89 924 149 970 Sic
168 924 211 969 ad
231 923 390 970 Lethaeas
404 958 417 976 ‚
439 921 503 968 nifi
520 922 676 968 Nestore
693 920 818 967 senior
830 956 842 974 ‚
859 921 977 981 undas

152 1000 243 1045 Non
259 1013 343 1052 eat,
361 997 506 1061 optabis
528 1014 639 1060 quem
660 994 843 1060 supereffe
865 993 945 1040 tibi.

218 1181 406 1229 XCVII.
441 1186 522 1229 Ad
535 1186 686 1230 librum
690 1185 818 1245 filum
839 1186 887 1229 de
910 1183 1037 1249 Caesto
1057 1184 1232 1233 Sabino„

87 1288 273 1375 Nos-n
291 1328 316 1373 {i
334 1328 431 1375 bene
452 1331 608 1377 Caefium
624 1367 636 1386 ‚
654 1332 781 1377 libelle
796 1366 810 1386 ‚

85 1404 286 1448 Montanae
308 1403 420 1449 decus
436 1406 600 1451 Umbriae
618 1405 793 1453 Sabinum
807 1441 820 1459 ‚

85 1475 173 1521 Auli
193 1477 414 1540 municipem
435 1478 504 1523 mei
526 1478 723 1532 Pudentis;

84 1546 144 1593 'nli
164 1562 201 1592 tu
219 1548 319 1594 dabis
340 1549 417 1594 haec
435 1585 447 1602 ‚
465 1549 524 1595 vel
545 1565 743 1614 occupato.

84 1620 222 1672 Instent
241 1621 342 1667 mille
364 1621 453 1667 licet
468 1639 710 1686 premantque
731 1641 827 1670 curae
841 1657 855 1677 ‚
1353 1639 1370 1683 ς

85 1692 230 1739 Nostris
248 1694 467 1740 carminibus
490 1714 608 1741 tamen
628 1696 785 1747 vacabit.

84 1767 116 1809 N
124 1784 179 1810 am
198 1785 258 1812 me
275 1766 397 1829 diligit
414 1767 477 1813 ille
493 1803 503 1821 ‚
523 1770 809 1833 proximumque

84 1836 202 1881 Turni
224 1837 414 1903 nobilibus
431 1839 532 1902 l'eget
550 1840 697 1886 libellis.

85 1914 122 1956 O
144 1927 319 1973 quantum
340 1911 428 1957 mihi
449 1912 609 1958 nominis
629 1920 797 1976 paratur!

86 1986 124 2029 Ο
148 2002 230 2046 quae
251 1983 396 2046 gloria!
416 2003 522 2047 quam
542 1985 714 2048 frequens
732 1993 895 2033 amator!
1320 2005 1376 2038 ιφ

84 2057 142 2100 Te
164 2055 360 2109 convivia,
380 2074 416 2102 te
435 2057 557 2103 forum
579 2057 748 2114 sonabit,

84 2129 197 2174 AEdes
211 2164 223 2182 ‚
245 2131 407 2194 compita
422 2166 434 2184 ‚
452 2131 617 2194 porticus
632 2169 644 2188 ‚
665 2134 839 2181 tabernae.

85 2200 162 2254 Uni
179 2201 359 2269 mitteri57
380 2204 550 2253 omnibus
567 2205 715 2271 legeris.
