1716 2927
275 147 950 202 'EPIGRAMMATUM
982 161 1030 205 L.
1068 162 1154 208 III.

435 348 586 395 XXV.
621 351 702 394 Ad
723 351 981 417 Faustinum.

80 451 152 547 81
170 500 362 564 temperari
382 501 554 549 balneum
573 502 676 565 cupis
697 502 872 557 fervens,'

78 574 247 620 Faustine
260 609 272 627 ‚
292 575 395 638 qnod
412 574 475 621 vix
492 575 650 621 Julianus
668 574 843 621 intraret:

82 650 190 712 Roga
206 683 217 701 ‚
234 649 378 695 lavetur
393 684 405 701 ,
425 649 613 695 rhetorem
634 648 855 695 Sabinaeum.

83 721 314 769 Neronianas
333 721 391 768 hic
413 720 609 790 refrigeret
628 721 796 768 thermas.

440 907 614 954 XXV1.
648 910 702 954 In
725 896 973 955 candidum.

83 1019 149 1106 Ρ
152 1074 310 1106 RAEDIA
329 1058 429 1107 solus
447 1059 583 1113 habe5‚
604 1058 642 1106 ἃ
661 1048 786 1113 lehn,
809 1059 977 1106 Candide
992 1093 1005 1113 ‚
1025 1076 1213 1107 nummos:

143 1136 263 1176 Aurea
279 1130 379 1176 solus
397 1130 507 1177 habes
519 1167 531 1185 ‚
549 1130 737 1195 myrrhina
756 1130 857 1176 solus
875 1129 1011 1176 babes:

75 1202 222 1249 Maffica
240 1203 339 1249 solus
355 1203 464 1249 habes
479 1239 491 1257 ‚
510 1203 549 1251 ἃ
568 1202 698 1267 Opimi
719 1202 879 1248 Caecuba
898 1201 1023 1248 solus:

142 1280 190 1322 Et
209 1296 276 1323 cor
293 1278 393 1323 solus
414 1278 523 1324 habes
537 1313 549 1332 ‚
568 1278 669 1324 solus
687 1278 725 1324 ἃ
746 1277 951 1341 ingenium.

81 1350 221 1397 Omnia
238 1351 338 1397 solus
355 1351 465 1398 habes
482 1372 490 1396 :
511 1352 583 1397 hoc
603 1369 662 1396 me
683 1368 768 1413 pma
788 1350 888 1400 velle
906 1367 1070 1412 negare:

145 1427 316 1472 Uxorem
333 1425 396 1471 sed
413 1424 522 1471 habes
536 1460 548 1479 ‚
568 1423 736 1472 Candide
750 1459 762 1478 ‚
780 1442 863 1470 cum
880 1424 1045 1488 populo.

465 1616 664 1665 XXVII.
697 1620 752 1664 In
777 1618 964 1665 Gallum.

77 1725 166 1819 N
169 1780 365 1818 UNQUAM
382 1782 441 1811 me
456 1782 612 1812 revocas
625 1800 638 1819 ,
653 1763 779 1812 venias
796 1784 880 1813 cum
897 1765 995 1830 saepe
1015 1780 1189 1813 vocatus:

145 1839 309 1902 Ignosco
322 1873 336 1892 ‚
354 1839 493 1884 nullum
513 1838 538 1884 fi
556 1839 673 1885 modo
690 1874 702 1892 ‚
719 1840 830 1887 Galle
844 1877 858 1895 ‚
874 1859 999 1887 vocas,

83 1912 216 1961 Invitas
235 1912 351 1959 alios:
371 1912 500 1958 vitium
519 1913 568 1959 est
586 1913 787 1977 utriusque.
810 1915 953 1974 Quod?
972 1914 1106 1977 inquis.

148 1988 195 2033 Et
211 1985 301 2034 mihi
319 2006 386 2035 cor
402 2006 479 2036 non
497 1987 573 2043 est3
594 2005 661 2035 nec
678 1986 769 2044 tibi,
786 1989 896 2036 Galle
910 2023 923 2045 ‚
940 1990 1077 2053 pudor.

1268 167 1364 224 ’ως
