1716 2927
331 147 447 182 xxm
560 135 919 181 NOTITIA
973 135 1449 180 LJTERARJA
1519 112 1521 114 ’

395 246 557 288 Forma
597 240 980 304 Epigrammatum
1020 241 1236 288 Martialis
1274 241 1418 288 differt
1455 258 1480 288 a
1519 242 1612 289 Cas
1650 250 1657 254 '

331 315 515 361 tulliana
538 313 584 359 in
617 315 733 372 hoc,
755 315 878 377 quod
911 314 985 360 ille
1007 315 1211 361 acumina
1247 316 1296 363 &
1327 314 1443 362 lusus
1471 315 1612 379 magis

333 398 482 449 captat
501 422 517 442 ,
551 402 691 450 eaque
732 386 823 432 fere
855 387 903 432 in
935 386 1065 433 versu
1096 387 1258 433 ultimo
1297 387 1429 433 habet
1459 405 1470 433 :
1507 403 1611 436 cum

333 460 689 507 Catullianorum
724 459 939 507 festivitas
974 460 1026 507 fit
1059 461 1195 507 traila
1224 477 1303 523 per
1331 473 1475 508 totum
1512 461 1611 524 epi-

329 551 550 597 gramma:
572 534 624 579 (le
655 551 749 597 quo
784 535 869 580 late
897 535 947 581 &
982 533 1203 595 eleganter
1234 532 1528 596 disputantem
1550 533 1612 579 le-

331 619 463 670 gant,
485 607 562 669 qui
590 608 749 653 volent
767 642 779 662 ‚
808 610 874 655 Fr.
909 607 1204 654 Vavafl'orem
1229 607 1269 653 in
1289 607 1611 670 elegantissimo

327 681 380 727 &
414 679 704 726 eruditiffirno
734 679 873 726 Libro
908 680 962 726 de
993 681 1333 743 Epigrammate.
1393 679 1610 725 Ceterum

332 750 427 812 ejus
447 751 562 798 ratio
584 750 723 815 magis
742 752 912 814 placuit
930 751 1148 815 plerisque
1171 769 1182 798 :
1213 751 1317 814 quia
1335 750 1378 796 in
1397 768 1447 797 ea
1469 751 1616 797 forma

329 825 505 873 facilius
531 827 579 873 &
608 825 747 889 magis
779 825 967 873 sentitur
995 842 1179 873 acumen
1209 826 1264 871 ab
1299 841 1613 889 unoquoque,

329 917 462 962 quam
497 899 544 946 in
579 900 691 956 illo;
728 900 837 946 ficut
868 900 1060 947 omnino
1095 900 1306 946 naturalis
1345 903 1397 947 &
1430 898 1614 962 simplex

329 971 621 1039 pulchritudo
645 987 741 1019 non
763 972 824 1020 ita
847 971 1032 1020 sentitur
1053 974 1102 1021 δε
1127 972 1272 1036 placet
1293 973 1460 1038 vulgo,
1478 988 1616 1036 quam

329 1045 523 1109 quaefita.

557 1163 1385 1231 EPIGRAMMATA.

419 1315 601 1363 Exstant
635 1317 728 1378 eius
761 1321 1130 1379 Epigrammatum
1175 1321 1272 1364 libri
1309 1320 1468 1374 XIV,
1493 1328 1615 1382 quoi

328 1406 427 1437 rum
464 1391 715 1452 penultimo
750 1393 985 1437 Xeniorum
1006 1426 1020 1449 ,
1054 1392 1216 1437 ultimo
1254 1394 1550 1453 Apophoretorz
1594 1401 1612 1424 ¹

330 1462 512 1509 titulum
546 1463 636 1525 ipse
666 1463 823 1509 auftor
844 1463 1078 1525 inscripsit.
1113 1466 1225 1522 Quo
1246 1463 1429 1509 nomine
1459 1464 1614 1526 appel-

328 1537 479 1583 lantur
498 1536 756 1584 munuscula
770 1574 785 1593 ‚
812 1553 912 1599 quae
935 1536 981 1581 in
1000 1536 1304 1583 Saturnalibus
1322 1572 1336 1594 ,
1359 1538 1408 1583 &
1426 1537 1522 1583 aliis
1543 1536 1610 1583 fe·-

329 1607 404 1654 stis
441 1625 492 1654 ac
523 1607 794 1654 solemnibus
838 1606 1068 1654 conviviis
1103 1607 1290 1652 domum
1334 1607 1612 1669 deportanda.

330 1678 548 1725 convivae
577 1678 871 1741 accipiebant.
889 1678 1007 1724 Vide
1024 1713 1036 1732 ‚
1055 1696 1155 1741 quae
1182 1677 1271 1725 viri
1289 1679 1409 1739 (1οὲὶίΙ
1431 1680 1486 1726 ad
1506 1680 1612 1727 Sue-

329 1751 447 1798 tonii
486 1752 671 1816 August.
710 1770 806 1815 cap.
848 1767 924 1817 75.
957 1755 1006 1800 &
1041 1751 1303 1799 Petronium
1339 1753 1457 1801 Petri
1494 1755 1610 1802 Bur-

328 1826 481 1872 manni
515 1845 559 1890 p.
594 1844 699 1889 277.
732 1828 1053 1875 Thomasinum
1087 1827 1141 1873 de
1171 1826 1371 1874 donariis
1403 1839 1611 1876 veterum

327 1918 426 1962 cap.
465 1919 538 1963 17.
571 1902 709 1948 Tom.
751 1918 820 1949 12.
856 1901 1046 1948 thesauri
1076 1900 1362 1963 Antiquitatt.
1399 1901 1535 1949 Rom.
1567 1919 1611 1964 p·

329 1972 435 2021 818.
464 1972 756 2020 Rosweidum
785 1974 841 2022 ad
865 1975 906 2021 S.
925 1973 1097 2021 Paulini
1130 1972 1264 2036 Epist.
1290 1991 1326 2021 1.
1359 1990 1401 2036 p.
1424 1990 1530 2035 747.
1556 1976 1608 2023 &

400 2104 433 2130 1.
473 2091 718 2141 Apophoreta
744 2091 931 2132 Martialis
999 2090 1203 2145 ἑρμηνεῖαι,
1239 2089 1358 2129 limile
1397 2090 1471 2128 fuit
1509 2103 1608 2140 opus

328 2143 439 2185 simili
468 2145 716 2184 distichorum
743 2146 874 2185 libello
905 2147 933 2184 i-
997 2146 1162 2185 versibus
1199 2144 1404 2194 scriptum,
1433 2157 1508 2192 quo
1541 2157 1608 2182 vo-

328 2200 486 2237 mitatus
511 2199 563 2237 est
586 2200 641 2237 vir
659 2199 828 2239 summus
852 2201 933 2240 Hu-
1000 2201 1341 2249 cesinterpretutm
1360 2196 1607 2236 fueranvide

330 2266 379 2302 go
392 2253 543 2290 Grotius
565 2266 602 2302 p.
624 2254 785 2306 3561eq.
803 2266 930 2302 poem.
1001 2253 1269 2293 Casaubonum
1320 2252 1369 2293 ad
1411 2251 1607 2292 Strabonie

328 2305 498 2350 Il‘lartiali
541 2309 734 2356 praeiverat
780 2307 931 2346 Graecus
998 2307 1065 2349 HI.
1088 2321 1127 2360 p.
1151 2321 1215 2362 79.

329 2360 606 2401 Grammaticus
619 2361 784 2402 Philetas
796 2391 808 2411 ,
821 2362 930 2411 cujus
