1716 2927
268 108 931 163 EPIGRAMMATUM
960 116 1008 162 L.
1040 116 1185 166 XII.-

73 223 147 269 Sed
167 220 287 269 tin‘c'lis
305 223 477 288 gregibus
497 223 630 270 colore
647 222 733 271 vivo
751 243 762 268 ε
793 272 796 277 y

74 295 148 342 Dic
165 295 287 343 vestro
303 332 315 349 ‚
335 315 431 361 rogo
446 333 458 349 ‚
474 296 517 343 fit
535 297 657 360 pudor
673 311 798 361 poetae
811 332 827 353 ‚

73 372 136 417 Ne
156 370 266 435 gratis
284 370 414 418 recitet
431 390 534 418 meos
554 372 730 418 libellos:

76 447 226 492 ferrem
243 480 255 499 ‚
274 445 299 491 fi
317 445 454 492 faceret
474 447 592 492 bonus
610 461 747 511 poeta,

77 517 150 563 Cui
173 518 313 581 poffem
336 520 421 564 dare
441 537 587 566 mutuos
606 520 794 565 honores:

75 591 295 653 Corrumpit
314 591 386 637 fine
404 593 543 639 talione
563 593 710 638 caelebs.

76 666 209 709 Caecus
230 665 388 727 perdere
409 684 485 712 non
506 667 626 730 potest
642 701 654 719 ‚
672 665 776 729 quod
794 664 925 714 aufert.

76 737 143 783 Nil
164 739 212 783 est
235 739 396 786 deterius
414 741 560 789 latrone
580 741 680 787 nudo
699 761 709 786 ε

77 809 143 856 Nil
163 810 321 858 securius
342 813 392 859 est
412 814 510 861 malo
532 829 662 879 poeta.

477 997 637 1044 LXIV.
671 999 744 1045 De
771 999 924 1045 Cinna.

81 1107 391 1194 VlNcEer-:M
410 1146 539 1192 roseos
559 1146 727 1211 facieque
746 1165 928 1211 comaque
946 1146 1131 1194 ministros

147 1217 272 1265 Cinna
288 1236 422 1266 cocum
441 1219 542 1268 fecit.
561 1220 684 1267 Cinna
703 1221 854 1285 gulosus
872 1221 990 1269 homo
1014 1222 1079 1270 est.

461 1407 605 1456 LXV.
639 1411 712 1456 De
741 1410 959 1471 Phyllide.

81 1516 336 1606 FORMosA
355 1556 494 1621 Phyllis
514 1557 626 1605 noble
644 1576 726 1605 cum
745 1557 834 1606 mihi
851 1573 931 1606 tota

80 1632 130 1675 Se
148 1627 363 1692 praestitiffet
379 1628 547 1675 omnibus
566 1629 688 1676 modis
705 1630 842 1695 largam
855 1629 890 1684 ‚³

82 1703 131 1747 Et
150 1700 354 1763 cogitarem
370 1718 477 1747 mane
496 1702 599 1764 quod
617 1702 739 1749 darem
759 1720 916 1760 munus,

81 1776 263 1819 Utrumne
284 1773 438 1828 Cosmi,
456 1773 645 1820 Nicerotis
662 1793 707 1821 an
724 1775 855 1822 libram
869 1809 884 1830 ‚

85 1850 147 1892 An
166 1845 379 1892 Baeticarum
398 1847 546 1909 pondus
562 1862 647 1894 acre
665 1847 825 1894 lanarum
839 1883 853 1902 ‚

83 1921 146 1965 An
165 1919 213 1964 de
231 1936 379 1965 moneta
399 1919 551 1965 caesaris
569 1921 699 1967 decem
720 1920 838 1968 flavos
851 1940 864 1967 ε

85 1991 268 2054 Amplexa
285 1990 424 2037 collum
440 2026 453 2045 ‚
471 1989 648 2054 basioque
667 2007 738 2038 tam
755 1991 881 2055 longo

84 2061 270 2116 Blandita,
289 2080 396 2126 quam
417 2063 495 2110 sunt
514 2063 653 2128 nuptiae
671 2063 953 2120 columbarum

85 2137 232 2199 Rogare
248 2134 364 2200 coepit
381 2135 518 2201 Phyllis
534 2136 747 2202 amphoram
764 2136 851 2189 vini.

1259 121 1360 179 203¹

1325 239 1354 290 5}
