1716 2927
352 117 447 168 Γ186
619 120 688 167 M.
725 120 886 166 VAL.
925 116 1376 164 MARTIALIS

713 300 868 364 XXV.
907 301 963 344 In
995 300 1114 345 Thele
1132 317 1266 346 mum.

355 401 506 490 CUM
526 460 624 507 rogo
643 458 679 489 te
698 461 868 490 nummos
889 443 964 490 fine
985 444 1171 507 pignore:
1194 464 1270 492 non
1286 444 1406 492 habeo
1421 481 1433 500 ‚
1455 445 1591 509 inquis,

416 516 540 569 Idem,
559 517 583 561 fi
605 535 674 580 pro
695 536 754 564 me
771 518 930 581 spondet
949 519 1116 582 agelius,
1137 519 1260 565 habes.

353 589 474 649 Quod
493 588 581 635 mihi
603 608 679 635 nou
701 591 817 637 credis
835 590 948 637 veteri
965 627 977 644 7
995 591 1191 639 Thelefine
1205 628 1218 647 ,
1237 586 1353 639 sodali
1366 627 1379 646 ,

417 662 549 709 Credis
567 663 751 710 colliculis
766 700 777 717 ‚
794 665 1061 727 arboribusque
1079 665 1182 711 meis,

352 737 451 782 Ecce
472 755 574 782 reum
595 739 711 783 Carus
732 753 767 783 te
785 738 943 783 detulit:
962 738 1051 783 adfir
1069 738 1222 802 agellus.

413 810 539 857 Exfilii
560 810 737 858 comitem
754 812 888 876 quaeris
904 819 917 858 ἓ
935 813 1077 876 agellus
1095 829 1164 859 eat.

639 989 813 1037 XXVI.
847 993 901 1036 ln
933 1008 1107 1036 avarum
1133 994 1330 1038 amicum.

354 1102 641 1189 SEXAGrNTA
658 1155 750 1186 teras
770 1158 852 1185 cum
875 1138 1003 1185 limina
1020 1157 1123 1184 mane
1144 1139 1290 1184 senator
1304 1173 1316 1193 ,

419 1209 500 1259 Effe
520 1212 585 1259 tibi
603 1214 737 1259 videor
759 1212 963 1259 defidiosus
982 1230 1097 1275 eques
1115 1233 1124 1256 :

354 1287 473 1348 Quod
493 1306 567 1332 non
587 1307 606 1333 a
626 1287 740 1351 prima
757 1287 957 1333 discurram
977 1287 1060 1332 luce
1083 1304 1148 1350 pet
1166 1286 1290 1332 urbem
1304 1321 1316 1338 ‚

417 1362 463 1405 Et
482 1360 636 1406 referam
656 1360 761 1407 laffus
780 1359 873 1406 bafia
892 1360 995 1405 mille
1017 1359 1181 1406 domum.

351 1432 424 1478 Sed
442 1447 478 1478 tu
499 1433 693 1497 purpureis
714 1448 753 1479 ut
775 1435 838 1480 des
858 1453 953 1481 nova
974 1433 1124 1480 nomina
1142 1433 1234 1478 fastis
1255 1468 1267 1485 ‚

417 1509 491 1551 Aut
511 1506 712 1552 Numidam
732 1523 863 1571 gentes
881 1544 893 1562 ‚
915 1507 1235 1571 Cappadocumve
1256 1521 1381 1569 petas:

348 1585 402 1627 ‘At
420 1580 507 1625 mihi
521 1615 533 1631 .,
553 1598 663 1642 quem
685 1581 790 1642 cogis
809 1580 954 1626 medios
977 1581 1195 1642 abrumpere
1215 1579 1366 1625 somnos
1380 1611 1393 1631 ‚

418 1655 465 1698 Et
484 1651 699 1698 matutinum
718 1652 814 1697 ferre
828 1687 840 1704 ‚
859 1652 1010 1714 patique
1029 1653 1146 1696 lutum
1160 1686 1172 1703 ,

353 1726 456 1787 Quid
477 1726 637 1789 petitur?
656 1743 761 1789 rupta
781 1745 861 1772 curn
882 1745 948 1787 pes
967 1743 1079 1788 vagus
1100 1724 1175 1770 exit
1191 1724 1285 1770 aluta
1298 1759 1311 1777 ‚

419 1801 464 1844 Et
482 1798 618 1844 subitus
637 1799 758 1844 craffae
775 1798 912 1844 decidit
931 1798 1049 1843 imber
1069 1814 1198 1859 aquae:

352 1875 434 1920 Nec
453 1873 554 1918 venit
569 1872 695 1919 ablatis
716 1872 888 1918 clamatus
907 1890 1019 1917 verna
1037 1868 1213 1919 lacernis;

422 1945 578 1992 Accedit
601 1943 763 2007 gelidam
784 1945 908 1991 servus
926 1946 969 1991 ad
987 1942 1185 1990 auriculam
1203 1977 1217 1994 .,
1270 1992 1277 1995 ⁷.

356 2022 404 2064 Er
415 2053 428 2071 ‚
444 2021 567 2081 Rogat
583 2032 621 2063 ut
638 2036 763 2064 coenes
780 2017 902 2064 secum
922 2015 1097 2063 Laetorius
1111 2051 1124 2068 ‚
1143 2012 1276 2078 inquit.

421 2089 563 2154 Viginti
584 2090 737 2136 nummis
757 2109 831 2136 non
851 2109 926 2148 ego
949 2090 1049 2135 malo
1069 2089 1229 2134 famem?

360 2160 480 2223 Quod
497 2160 538 2206 fit
555 2179 661 2207 coena
682 2161 796 2216 mihi,
818 2162 883 2208 tibi
904 2162 944 2207 fit
962 2159 1156 2226 provincia
1176 2176 1340 2211 mercese,

425 2237 470 2281 Et
489 2234 658 2282 faciamus
677 2234 775 2282 idem
789 2270 800 2289 ‚
819 2254 887 2283 nec
907 2253 1113 2283 mereamur
1130 2234 1241 2281 idem.

1591 1812 1647 1841 10
