1716 2927
285 88 770 168 EPIGRAMMA
786 122 950 170 TUM
982 127 1030 173 L.
1065 127 1181 176 XII.

441 310 635 358 XXXII.
668 315 724 358 In
750 317 800 360 V
792 331 985 362 acerram.

90 414 183 504 O
205 457 425 501 JULIARUM
443 455 604 502 dedecus
622 455 867 504 Kalendarum
880 492 892 514 ,

87 526 201 581 Vidi,
221 530 378 573 Vacerra
391 564 403 581 ‚
422 527 575 574 sarcinas
594 544 694 584 tuas;
712 529 786 577 vidi
803 551 813 575 z

87 603 192 662 Quas
217 619 294 647 non
314 616 472 647 retentas
493 601 671 666 penfione
690 622 761 667 pro
777 603 876 652 bima

85 673 259 720 Portabat
278 691 374 719 uxor
395 673 472 720 rufa
490 674 647 720 crinibus
667 675 808 738 septem
822 710 835 729 ‚

88 747 136 791 Et
157 763 239 792 cum
262 745 392 792 sorore
411 765 496 792 cana
516 762 630 793 mater
648 745 806 811 ingenti.

83 819 209 866 Furias
229 821 353 884 putavi
374 821 485 867 ῃοὲὶε
504 820 599 866 Ditis
617 816 788 870 emersas.

82 898 154 942 Has
175 911 212 942 tu
234 895 378 960 priores
399 895 540 958 frigore
562 895 602 942 &
624 895 719 941 same
738 896 877 953 ficcus,

83 968 132 1013 Et
152 985 229 1013 non
250 965 392 1012 recenti
414 965 571 1029 pallidus
586 965 701 1030 magis
718 967 820 1016 buxo

84 1041 161 1084 Irus
183 1054 332 1084 tuorum
352 1053 563 1102 temporum
581 1039 802 1103 sequebaris.

82 1111 252 1175 Migrare
270 1112 406 1158 divum
426 1113 596 1159 crederes
615 1113 818 1161 Aricinum.

78 1184 159 1230 Ibat
177 1185 290 1248 tripes
311 1186 480 1246 grabatus
493 1221 505 1238 ,
526 1185 566 1232 &
584 1185 689 1250 bipes
708 1187 855 1242 mensa.;

82 1259 128 1303 Et
145 1275 225 1302 cum
244 1257 392 1303 lucerna
406 1292 419 1310 ‚
438 1276 660 1321 corneoque
679 1275 819 1306 cratere

79 1331 237 1377 Matella
256 1347 362 1378 curto
382 1347 486 1394 rupta
505 1332 618 1378 latere
636 1332 808 1393 mejebat.

80 1407 221 1450 Focum
242 1404 394 1451 ferentis
413 1406 556 1452 suberat
578 1405 768 1469 amphorae
785 1404 933 1453 cervix:

80 1477 200 1523 Fuiffe
223 1495 350 1541 gerres
363 1514 375 1532 ‚
394 1494 457 1525 aut
477 1477 626 1524 inutiles
643 1498 784 1527 rnoenas

76 1552 191 1597 Odor
209 1551 417 1614 impudicus
435 1552 536 1598 urcei
558 1553 738 1600 fatebatur
755 1590 768 1608 ‚

77 1625 241 1687 Qualem
259 1626 406 1673 marinae
424 1626 519 1673 mifit
536 1645 621 1673 aura
641 1627 806 1690 piscinae.

75 1700 160 1745 Nec
180 1700 316 1763 quadra
334 1701 460 1746 deerat
479 1699 574 1747 casei
593 1700 820 1747 Tholosatis.

78 1773 281 1832 Quadrima
301 1771 396 1834 nigri
415 1791 484 1819 nec
501 1791 641 1820 corona
661 1773 793 1836 pulei,

77 1847 281 1908 Calvaeque
300 1846 407 1892 restes
427 1844 593 1908 allioque
607 1881 620 1897 ‚
639 1845 813 1908 cepisque
826 1879 839 1897 5

75 1920 159 1965 Nec
180 1918 290 1982 plena
309 1916 405 1980 turpi
424 1915 546 1961 matris
567 1916 641 1962 olla
658 1915 772 1962 refina
786 1951 800 1970 ‚

76 1988 365 2037 Summoenianae
386 2008 456 2052 qua
475 1989 636 2054 pilantur
654 2008 806 2036 uxores.

76 2063 180 2123 Quid
198 2061 329 2126 quaeris
346 2061 442 2107 aedes
458 2096 469 2115 ,
490 2060 712 2124 villicosque
730 2061 899 2112 derides,

77 2134 252 2197 Habitare
272 2135 380 2198 gratis
394 2170 405 2188 ‚
425 2153 448 2180 o
467 2137 625 2180 Vacerra
639 2169 650 2187 ‚
669 2152 750 2179 cum
771 2133 907 2197 poffis?

73 2210 164 2255 Haec
181 2207 395 2255 sarcinarum
413 2226 552 2273 pompa
571 2207 745 2256 convenit
761 2205 885 2271 ponti.

1285 128 1375 194 189

1306 1137 1369 1171 '10

1310 1501 1363 1547 ¹5

1301 1867 1362 1899 ἐῢ

1292 2226 1316 2254 2
1329 2225 1353 2273 5„
