1716 2927
309 135 981 183 EP'JGRAMMATUM
1019 139 1157 186 LIB.
1193 141 1230 186 I.
1366 153 1425 203 37

497 323 610 368 LIV.
643 324 723 368 Ad
754 325 796 367 F
792 323 1039 368 identitzum.

138 435 286 523 UNA
304 474 353 520 est
371 472 408 519 in
430 472 558 519 nostris
575 487 635 519 tua
650 508 662 525 ,
678 473 873 520 Fidentine
889 509 901 528 ‚
921 472 1059 519 libellis

134 548 271 611 Pagina
286 583 297 602 ‚
317 549 378 611 sed
397 564 493 594 certa
513 547 656 593 domini
675 547 812 611 figmata
833 548 947 610 figura
962 550 985 601 ;'

133 625 231 682 Quae
250 638 309 668 tua
328 621 482 668 traducit
498 620 689 667 manifesto
709 622 866 667 carmina
885 622 1000 669 furto.

130 696 190 741 Sic
210 695 446 760 interpositus
467 694 557 741 vltlo
578 695 804 742 contaminat
822 697 936 742 uasto

129 769 267 814 Urbica
285 767 507 833 Lingonicus
517 768 771 832 {Pyrlanthlna
789 769 1102 817 bardocucullus:
1225 789 1228 792 ’
1393 791 1411 833 5

129 843 190 890 Sic
211 843 372 890 Aretinae
389 844 532 890 violant
550 843 752 906 crystallina
773 844 898 890 testae:

128 915 190 961 Sic
206 915 334 981 niger,
355 916 390 962 in
412 916 499 980 ripis
517 931 610 962 errat
631 934 712 962 cum
736 917 835 964 forte
853 917 993 982 Caystri
1010 953 1023 971 ‚

128 991 230 1035 Inter
247 990 400 1036 Ledaeos
419 991 557 1036 ridetur
575 1009 707 1037 corvus
727 991 877 1037 olores:

126 1061 188 1107 Sic
205 1062 266 1107 ubi
283 1062 480 1110 multisona
498 1064 614 1110 fervet
636 1064 734 1110 sacer
756 1064 878 1110 Attide
896 1065 1028 1118 lucus}

127 1134 303 1197 Improba
322 1136 523 1200 Cecropias
543 1136 700 1182 offendit
721 1136 803 1202 pica
821 1136 999 1199 querelas.
1319 1164 1323 1166 -
1357 1154 1417 1183 ιο

125 1207 249 1255 Indice
271 1227 348 1255 non
370 1229 462 1273 opus
483 1210 532 1256 est
552 1210 682 1256 nostris
697 1245 708 1264 ‚
731 1229 798 1257 nec
819 1209 967 1256 vindice
987 1207 1114 1256 libris:

125 1279 202 1324 Stat
219 1294 346 1326 contra
358 1314 370 1334 ,
387 1280 551 1343 dicitque
567 1280 634 1326 tibi
653 1296 713 1326 tua
731 1281 862 1344 pagina
877 1315 889 1332 ‚
909 1281 967 1326 fur
985 1299 1038 1326 es.

539 1466 636 1510 LV.
674 1467 756 1509 Ad
782 1466 826 1508 F
820 1465 980 1524 uscutm

125 1581 197 1668 S1
219 1618 307 1682 quid
322 1653 332 1670 ‚
349 1619 486 1672 Fusce3
509 1636 614 1664 vacas
632 1616 749 1662 adhuc
765 1615 901 1670 amar1‘3

127 1692 257 1756 (Nam
278 1692 358 1737 sunt
377 1691 461 1738 hinc
478 1690 544 1737 tibi
561 1727 573 1744 ,
590 1691 668 1737 sunt
689 1687 728 1737 δὲ
747 1689 834 1736 hinc
851 1687 958 1735 amici
972 1687 1024 1752 z)

123 1768 247 1811 Unum
262 1800 274 1816 ,
289 1763 315 1809 fi
333 1763 492 1827 superest
503 1798 516 1816 ,
533 1762 658 1810 locum
678 1779 848 1826 rogamus
863 1782 873 1806 t

123 1840 206 1883 Nec
223 1854 282 1883 me
296 1871 309 1890 ,
329 1835 432 1900 quod
446 1835 512 1881 tibi
530 1836 604 1881 sum
625 1853 764 1889 novus,
782 1833 950 1882 recuses:

123 1911 264 1954 Omnes
279 1907 354 1955 hoc
369 1923 515 1955 veteres
532 1908 582 1954 tui
601 1909 758 1955 fuerunt.
1315 1954 1318 1961 ,
1380 1921 1402 1968 ς

122 1983 181 2026 Tu
200 1995 339 2027 tantum
357 1980 495 2043 inspice
508 2015 520 2034 ‚
539 1979 603 2043 qui
622 1998 738 2028 novus
756 1990 933 2045 paratu=;

123 2057 185 2099 An
204 2051 311 2117 poffit
328 2051 409 2100 fieri
428 2067 532 2103 vetus
548 2051 696 2101 sodalis.
