1716 2927
261 166 937 214 EPIGRAMMATUM
964 168 1012 213 L.
1051 172 1130 217 VI.

419 352 627 401 LXXIX.
664 356 743 399 Ad
760 356 933 414 Lupum.

67 467 287 554 Tms-rxs
306 522 369 558 es,
393 503 433 551 ὅτ.
451 505 540 551 felix
556 526 568 559 ;
586 504 673 551 sciat
694 506 767 552 hoc
785 509 968 561 Fortuna,
989 520 1145 552 caveto:

128 581 313 641 Ingratum
335 577 435 623 dicet
458 593 494 624 te
508 613 520 633 ‚
544 580 647 641 Lupe
661 612 674 631 ‚
693 577 717 622 fi
737 578 869 624 scierit.

226 762 419 810 LXXX.
454 766 534 809 Ad
553 762 746 825 Caefizrem
766 766 814 810 de
833 763 934 828 rosis
955 765 1150 809 hibernis.

63 879 178 969 Ur
198 938 294 966 nova
314 920 412 966 dona
432 918 522 972 tibi,
543 920 688 971 Caesar,
704 918 872 965 Nilotica
891 919 999 965 tellus

124 990 278 1036 Miserat
295 990 465 1037 hibernas
484 990 676 1038 ambitiosa
696 992 820 1038 rosas:

57 1064 191 1110 Navita
208 1064 330 1111 derifit
351 1065 500 1113 Pharios
516 1065 782 1130 Memphiticus
801 1068 931 1113 hortos
943 1102 957 1122 ‚

123 1138 233 1185 Urbis
252 1155 292 1185 ut
309 1139 454 1201 {utravit
473 1139 598 1186 limina
617 1140 732 1204 prima
750 1157 836 1186 tuae.

57 1213 195 1259 Tantus
214 1214 309 1260 veris
327 1215 452 1262 honos
467 1253 479 1271 ,
501 1214 541 1263 &
565 1217 696 1263 odorae
717 1215 831 1280 gratia
851 1215 973 1261 Florae
986 1250 999 1269 ,

125 1289 319 1350 Tantaque
338 1288 487 1334 Paestani
511 1289 633 1351 gloria
649 1290 740 1335 ruris
760 1304 847 1335 erat.

60 1356 121 1403 Sic
139 1375 356 1421 quacunque
374 1376 486 1421 vagus
506 1360 736 1422 gress‘umque
754 1360 962 1423 oculosque
980 1360 1120 1407 ferebat
1135 1396 1147 1416 ‚

121 1429 335 1476 Tonfilibus
355 1431 456 1477 sertis
475 1450 588 1478 omne
605 1432 757 1477 rubebat
776 1432 856 1477 iter.

57 1501 109 1548 'At
127 1517 165 1546 tu
183 1505 359 1548 Romanae
376 1501 484 1563 juffus
502 1503 574 1563 jam
592 1502 726 1547 cedere
747 1502 884 1547 brumae
896 1538 909 1556 ,

122 1574 238 1623 Mitte
257 1591 332 1622 tuas
349 1575 500 1629 meffes;
518 1576 645 1640 accipe
659 1611 672 1630 ,
693 1575 781 1622 Nile
795 1611 808 1630 ,
824 1576 936 1623 rosas.

372 1760 586 1808 LXXXI.
619 1763 672 1806 In
693 1763 994 1808 Charidemum.

62 1867 104 1954 Ι
109 1924 249 1954 RATus
269 1922 438 1971 tanquam
455 1909 602 1972 populo
618 1944 631 1963 ‚
650 1909 876 1958 Charideme
891 1947 904 1967 ,
921 1910 1069 1959 lavaris:

121 1981 278 2046 Inguina
297 1981 344 2027 fic
363 1998 448 2029 toto
466 1982 602 2028 subluis
621 1982 659 2028 in
679 1983 790 2030 solio.

59 2057 140 2102 Nec
159 2072 267 2119 caput
283 2055 342 2102 hic
359 2057 494 2104 vellem
514 2057 562 2104 fic
580 2073 616 2103 te
630 2093 641 2109 ,
662 2057 885 2105 Charideme
899 2094 911 2113 ‚
929 2059 1049 2107 lavare
1068 2080 1082 2116 ;

123 2130 169 2175 Et
186 2145 293 2193 caput
305 2163 318 2183 ‚
336 2146 424 2176 ecce
441 2164 454 2185 ‚
472 2129 565 2177 lavas
583 2150 591 2175 z
612 2129 765 2193 inguina
784 2130 882 2178 malo
903 2130 1013 2180 laves,

1248 179 1337 234 235

1214 1231 1260 1277 s
1318 1233 1341 1277 5

1287 1599 1340 1626 10
