1716 2927
281 148 327 199 Ἐ
340 121 414 200 Ρι
429 146 770 200 σΚᾺΜΜΑ
788 153 830 198 T
845 154 961 200 ΠΜ
990 158 1039 202 ι..
1080 160 1207 208 Vm.

105 263 275 312 'Candida
295 264 498 330 nigrescant
513 263 641 312 vetulo
660 261 822 327 crystalla
839 261 996 310 Falerno
1011 296 1025 316 ‚

166 340 212 383 Et
230 337 343 384 caleat
357 337 494 384 blando
510 335 634 384 mollis
650 353 776 382 amore
798 350 912 382 torus.

100 409 180 471 Qui
201 408 247 455 fic
267 411 328 457 vel
346 410 471 457 medio
490 409 611 456 finitus
629 408 720 455 vixit
735 408 770 455 in
786 427 893 461 aevo,

164 484 333 548 Longior
350 484 435 531 huic
451 483 542 531 faffm
558 483 608 530 est
620 500 760 547 ‚uquam
779 483 859 529 data
875 481 948 530 vita
963 481 1048 546 fu‘gt.

404 659 652 706 LXXVIII.
690 660 765 705 De
781 661 894 705 ludis
908 662 943 705 S
944 662 1058 706 tellae.

102 768 277 877 Quos
297 821 450 871 cuperet
469 806 657 870 Phlegraea
677 805 760 853 suos
780 805 933 852 νῐξὶοτῐει
949 805 1086 864 Ιυάος,’

169 879 291 926 Indica
310 898 404 943 quos
423 895 577 944 cuperet
595 898 732 943 pompa
748 914 758 931 ‚
779 881 887 942 Lyaee
902 914 914 928 ,
932 894 1042 933 tuos,

101 952 204 999 Fecit
222 951 457 1016 Hyperborei
477 952 684 998 celebrator
702 951 813 997 Stella
830 950 1028 1015 triumphi:

171 1028 206 1073 O
228 1026 375 1089 pudor!
395 1045 419 1073 o
438 1024 579 1090 pietas!
599 1024 639 1072 ἃ
656 1041 757 1089 putat
773 1024 846 1071 effe
864 1043 1006 1089 parum.

103 1100 192 1146 Non
208 1097 264 1144 illi
282 1098 363 1145 satis
383 1099 432 1145 est
449 1099 595 1145 turbato
613 1097 780 1145 sordidus
798 1117 888 1144 auro

167 1175 324 1218 Hermus
336 1208 349 1227 ,
369 1172 408 1220 &
427 1172 609 1237 Hesperio
630 1171 693 1236 qui
711 1171 818 1218 sonat
835 1172 928 1218 orbe
945 1174 1083 1237 Tagus:

105 1245 239 1292 Omnis
256 1246 363 1291 habet
380 1246 439 1292 sua
457 1246 557 1292 dona
574 1246 652 1293 dies
664 1282 676 1300 ‚
695 1263 764 1292 nec
782 1244 876 1292 linea
894 1245 999 1291 dives

173 1319 320 1372 Ceffat3
343 1318 383 1365 Sc
401 1317 438 1363 in
459 1319 641 1382 populum
660 1319 775 1364 multa
795 1319 918 1380 rapina
936 1316 1045 1363 cadit.

105 1394 218 1441 Nunc
234 1391 385 1438 veniunt
403 1390 528 1437 subitis
548 1390 676 1438 lasciva
693 1389 902 1436 numismata
921 1389 1076 1437 nimbis:

175 1469 283 1513 Nunc
300 1467 360 1513 dat
375 1466 548 1530 speEIatas
565 1466 694 1512 tessera
716 1466 815 1528 larga
834 1464 938 1511 ferax.

108 1542 219 1588 Nunc
237 1539 391 1602 implere
410 1539 501 1586 finus
521 1539 670 1587 securos
690 1539 850 1605 gaudet,
868 1538 909 1586 &
924 1539 1052 1586 absens

173 1611 330 1658 Sortitur
347 1611 522 1659 dominos
535 1648 548 1667 ‚
569 1631 615 1660 ne
632 1613 839 1666 laceretur,
859 1611 945 1659 avis.

108 1684 215 1748 Quid
235 1703 423 1731 numerem
441 1704 565 1732 currus
578 1722 591 1740 ‚
608 1702 663 1732 ter
680 1686 850 1750 denaque
868 1684 1018 1749 praemia
1038 1684 1194 1749 palmae3

175 1760 273 1818 Quae
290 1758 378 1805 dare
399 1777 475 1805 non
494 1758 637 1823 semper
654 1759 784 1805 consul
802 1774 958 1821 uterque
976 1757 1098 1804 solet?

113 1832 247 1880 Omnia
263 1832 324 1878 sed
339 1869 352 1886 .,
371 1833 494 1878 Caesar
506 1868 519 1887 ‚
537 1847 639 1879 tanto
658 1833 874 1896 superantur
888 1831 1037 1879 honore
1051 1866 1064 1887 ‚

176 1906 296 1972 Quod
314 1906 556 1971 speffluorem
575 1922 612 1954 te
632 1923 692 1954 tua
711 1906 830 1956 laurus
845 1906 968 1954 habet.

1327 1478 1388 1512 10·
