1716 2927
238 169 334 227 ‘314
399 161 944 216 DJVERS'ORUM
973 168 1433 217 POETARUM

635 382 796 429 LXIX.
830 384 1028 444 Priapus.

240 523 438 630 QUID?
457 561 520 609 nifi
539 564 713 612 Taenario
731 565 920 629 placuiffet
935 564 1074 613 Troica
1093 581 1220 627 cunno

302 636 498 690 Mentula;
520 638 621 699 quod
643 655 815 693 caneret,
834 658 912 685 non
928 638 1105 684 habuisset
1122 656 1230 701 opus.

236 708 406 755 Mentula
423 709 626 755 Tantalidae
644 712 738 757 bene
758 711 783 757 fi
805 731 883 760 non
905 728 986 757 nata
1002 711 1142 757 fuisset:

303 782 391 833 Nil,
410 782 536 830 senior
553 785 713 848 Chryses
736 786 837 848 quod
858 800 1072 848 quereretur
1087 820 1098 838 ,
1118 798 1206 830 erat,

237 857 327 901 Haec
345 856 473 902 eadem
493 856 633 903 socium
652 872 775 904 tenera
792 858 965 922 spoliavit
982 857 1119 903 amica:

306 932 478 992 Quaeque
495 945 570 976 erat
590 929 750 976 AEacidae
767 966 779 984 ‚
797 930 925 977 maluit
943 931 1015 977 effe
1036 929 1147 978 suam.

238 1002 307 1049 llle
328 1002 600 1049 Pelethroniam
618 1003 754 1050 cecinit
772 1002 975 1049 miserabile
993 1019 1138 1048 carmen

305 1075 362 1121 Ad
380 1075 551 1121 citharam
566 1111 578 1128 .,
598 1075 756 1129 cithara,
773 1075 909 1123 tenfior
926 1075 1003 1138 ipse
1016 1111 1027 1127 ‚
1048 1075 1122 1121 sua.

238 1147 388 1194 Nobilis
406 1148 494 1195 hinc
513 1167 592 1195 nata
614 1167 748 1213 nempe
766 1148 899 1211 incipit
915 1148 997 1194 Ilias
1015 1146 1091 1193 ira:

305 1221 527 1287 Principium
545 1225 634 1270 sacri
653 1223 820 1270 carminis
836 1223 898 1270 illa
916 1222 995 1268 fuit.

242 1296 370 1342 'Altera
390 1298 537 1343 materia
553 1298 603 1344 est
621 1316 726 1344 error
746 1296 906 1344 fallentis
922 1294 1071 1342 Ulixei:

308 1371 345 1417 Si
362 1390 483 1419 verum
503 1390 665 1436 quaera153
685 1372 781 1417 hunc
805 1388 958 1433 quoque
975 1367 1097 1416 movit
1117 1385 1234 1414 amor.

245 1443 344 1491 Hinc
359 1445 495 1510 legitur
511 1445 610 1492 radix
627 1481 638 1499 ‚
655 1445 702 1490 de
719 1463 791 1507 qua
807 1441 878 1489 flos
896 1459 1023 1488 aureus
1040 1440 1143 1493 exit3

311 1524 436 1582 Quem
456 1539 537 1566 cum
555 1520 661 1583 moly
680 1534 790 1566 vocat
802 1554 815 1571 .,
832 1517 994 1563 mentula
1011 1515 1117 1578 moly
1133 1512 1215 1559 fuit.

244 1594 339 1640 Hinc
357 1594 513 1657 legimus
527 1628 539 1644 ,
559 1592 695 1638 Circen
711 1627 723 1643 ‚
743 1590 1063 1652 Atlantiademque
1080 1584 1248 1651 Calypso

312 1667 472 1716 Grandia
488 1665 650 1712 Dulichii
665 1667 743 1712 vasa
762 1665 891 1728 petisse
908 1663 992 1710 viri.

248 1745 389 1805 Enim,
410 1742 450 1788 δι
471 1738 617 1786 Alcinoi
634 1738 760 1784 mirata
777 1738 827 1782 est
846 1736 942 1790 filia,
959 1732 1164 1780 membrum

316 1813 521 1862 Frondenti
540 1832 641 1860 ramo
659 1811 722 1859 vix
740 1811 899 1875 potuiffe
915 1808 1005 1872 tegi.

250 1890 310 1937 'Ad
333 1890 491 1937 vetulam
508 1905 626 1935 tamen
644 1886 708 1933 ille
726 1887 819 1933 suam
842 1882 1091 1948 properabat,
1107 1878 1146 1926 &
1164 1876 1284 1924 omnis

317 1963 429 2007 Mens
449 1977 524 2007 erat
541 1960 577 2006 in
598 1977 722 2006 cunno
737 1993 749 2010 ‚
771 1954 994 2019 Penelopeia
1010 1991 1022 2006 ,
1041 1969 1121 1999 tuo.

255 2037 355 2096 Quae
374 2033 422 2079 fic
441 2034 528 2079 casta
543 2050 666 2078 manes
680 2067 692 2085 ‚
708 2046 748 2077 ut
763 2031 833 2092 jam
856 2027 1028 2074 convivia
1044 2026 1156 2072 visas:

321 2110 446 2170 thue
465 2106 664 2151 fututorum
684 2104 725 2149 fit
744 2118 803 2148 tua
824 2102 934 2165 plena
952 2103 1098 2146 domus.

255 2186 286 2229 E
306 2182 434 2244 quibus
449 2215 460 2233 ‚
476 2194 514 2225 ut
529 2177 637 2224 scires
651 2213 662 2223 ,
680 2177 889 2238 quicunque
903 2171 1088 2219 valentior
1104 2170 1192 2216 effer
1204 2203 1217 2222 ‚

322 2256 408 2298 Haec
426 2270 463 2298 es
482 2251 525 2297 ad
542 2249 700 2295 arreum
722 2247 829 2294 verba
847 2246 971 2291 locuta
992 2261 1155 2306 procos:

257 2327 382 2372 Nemo
402 2342 487 2369 meo
504 2323 632 2368 melius
650 2338 801 2367 nervum
819 2317 990 2363 tendebat
1010 2314 1144 2360 Ulixe:

323 2400 408 2448 Sive
425 2399 480 2446 illi
494 2399 648 2446 laterum
660 2432 672 2451 ‚
689 2397 749 2443 seu
767 2393 834 2441 fuit
851 2391 935 2439 attis
955 2407 1062 2453 opus.

1460 1230 1546 1261 10·

1464 1961 1528 1991 20³
