1716 2927
296 97 952 157 ERJGRAMMATUM
981 101 1032 147 L.
1064 104 1176 149 ΧΗ.
1276 108 1367 149 201·

424 281 523 328 LX.
558 286 640 330 Ad
649 283 778 345 ficum
803 289 1001 331 natalem.

97 399 329 487 MARns
348 439 493 486 alumne
509 440 587 487 dies
600 477 612 495 ‚
631 443 770 489 roseam
788 461 864 506 quo
879 442 1044 508 lampada
1062 442 1239 506 primum,'

159 513 373 575 Magnaque
392 512 520 559 fiderei
538 513 692 560 vidimus
715 534 778 561 ora
797 515 890 562 Dei:

94 581 134 629 Si
154 600 190 629 te
207 601 290 630 rure
309 584 384 631 coli
399 621 411 638 ,
429 585 635 650 viridesque
653 587 795 651 pigebit
812 589 854 634 ad
873 606 972 641 aras,

159 656 236 717 Qui
254 656 371 704 fueras
389 658 484 704 Latia
503 659 620 704 cultus
638 658 674 704 in
693 659 782 705 urbe
802 658 914 704 mihi:

94 732 151 775 Da
169 730 313 776 veniam
331 766 342 784 ‚
362 731 495 777 servire
515 731 586 778 tuis
609 733 709 795 quod
730 733 822 779 nolo
843 731 1042 788 liniendis,-

159 804 202 848 Εἴ
222 821 290 865 qua
310 804 383 849 sum
403 804 548 868 genitus
562 842 572 857 ‚
593 806 720 851 vivere
738 806 820 851 luce
842 806 947 852 volo.

92 875 212 920 Natali
235 876 371 938 pallere
389 877 454 922 suo
471 912 482 928 ,
502 896 548 923 ne
567 879 669 923 calda
692 879 838 924 Sabello

157 948 258 994 Desit
272 984 283 999 ,
303 948 339 994 &
362 964 400 994 ut
420 949 596 1012 liquidum
617 965 723 1012 potet
744 950 880 996 Alauda
899 967 1038 996 merum
1053 984 1065 1003 ‚

91 1019 251 1066 Turbida
269 1019 430 1066 sollicito
448 1020 690 1067 transmittere
713 1021 871 1066 Caecuba
894 1021 1000 1068 sacco
1018 1042 1031 1075 ;

157 1097 280 1156 Atque
300 1094 393 1139 inter
409 1093 547 1140 mensas
566 1094 617 1140 ire
630 1130 642 1147 ‚
662 1094 782 1140 redire
800 1095 901 1148 snas;

87 1164 270 1226 Excipere
290 1166 380 1217 hos,
400 1166 485 1210 illos
500 1201 511 1217 ,
533 1166 570 1212 ἃ
591 1181 666 1212 tota
687 1166 834 1229 surgere
855 1175 961 1212 coena
976 1201 989 1219 ‚

152 1239 341 1283 Marmora
362 1237 559 1283 calcantem
578 1238 768 1300 frigidiora
788 1239 897 1301 gelu:

86 1312 186 1375 Quae
203 1309 296 1355 ratio
313 1311 363 1356 est
377 1347 388 1363 ‚
407 1310 484 1356 haec
504 1311 634 1374 sponte
653 1327 712 1356 tua
730 1311 893 1374 perferre
906 1347 918 1362 ,
936 1312 1085 1376 ‘patique
1099 1347 1112 1368 ,

149 1385 248 1447 Quae
267 1398 304 1430 te
324 1382 348 1428 fi
365 1383 490 1446 jubear
504 1403 570 1431 rex
590 1384 857 1449 dominusque,
876 1393 1018 1451 neges?

496 1562 610 1608 LXI.
645 1565 717 1609 De
741 1565 932 1625 Ligurra.

87 1679 302 1765 Vensus
315 1753 326 1769 ‚
346 1715 385 1762 ὅ(
401 1717 516 1763 breve
533 1716 770 1780 vividumque
790 1733 938 1763 carmen

84 1794 126 1836 In
146 1804 182 1836 te
200 1808 246 1835 ne
263 1788 412 1846 faciam,
430 1789 536 1836 times
551 1826 563 1843 ‚
580 1788 756 1851 Ligurra;

83 1865 132 1907 Et
150 1862 281 1925 dignus
298 1859 400 1923 cupis
421 1861 494 1905 hoc
513 1879 610 1907 metu
628 1860 769 1906 videri:

84 1937 159 1984 Sed
177 1937 300 1984 frustra
317 1936 447 1983 metuis
462 1972 474 1990 ‚
491 1937 667 2000 cupisque
683 1935 825 1981 frustra:

85 2016 129 2057 In
150 2025 274 2056 tauros
288 2009 416 2074 Libyci
434 2009 592 2054 fremunt
608 2009 740 2054 leones
756 2015 774 2060 ·,’

83 2084 176 2128 Νοη
196 2082 273 2127 sunt
295 2080 546 2145 papilionibus
566 2078 725 2125 molesti.

83 2155 238 2212 Quaeras
254 2187 265 2205 ‚
285 2151 421 2198 censeo
439 2188 451 2205 ‚
470 2150 494 2196 fi
513 2150 588 2214 legi
607 2150 750 2196 laboras
763 2184 778 2204 ,

82 2224 193 2286 Nigri
214 2224 366 2270 fornicis
387 2224 526 2271 ebrium
545 2240 717 2287 poetam3

83 2296 164 2360 Qui
184 2297 342 2344 carbone
362 2297 442 2344 rudi
456 2332 468 2351 ,
486 2295 659 2361 putrique
679 2310 776 2342 creta

1308 1113 1364 1142 10
