1716 2927
282 139 774 189 EPIGRAMMA
793 139 965 187 TUM
994 144 1043 189 L.
1078 144 1162 191 JV.
1285 154 1366 205 145

88 246 137 292 At
156 261 192 291 tu
210 282 223 302 ‚
242 247 326 292 dum
349 263 458 311 potes
472 284 484 303 ‚
503 248 687 300 innocens
707 251 868 305 recede,

88 318 192 367 Jaffis
214 319 436 383 simplicibus
455 322 545 368 cibis
568 323 605 369 in
624 323 737 368 undas
750 355 763 376 ‚
1017 329 1022 334 ”
1321 335 1373 384 ¹⁴5.

90 395 138 439 Et
157 393 277 457 pisces
298 413 472 443 venerare
492 397 695 443 dedicatos.

399 588 573 635 XXXI.
609 590 658 632 A
661 587 693 632 d
710 588 1042 648 Hippodamum.

88 702 272 808 QUOD
293 738 395 802 cupis
412 738 449 784 in
470 738 598 785 nostris
619 737 767 802 dicique
785 736 938 802 legique
956 738 1118 794 libellis,

155 815 199 857 Et
219 812 417 858 nonnullus
439 811 562 863 honos
581 813 740 858 creditur
759 812 829 857 effe
847 811 911 856 tibi
928 833 936 856 :

89 887 150 931 Ne
167 885 308 930 valeam
325 919 337 937 ‚
357 884 381 929 fi
403 903 479 930 non
502 903 558 931 res
579 886 628 931 est
648 884 837 948 gratissima
858 883 992 939 nobis,

155 961 201 1004 Et
221 959 313 1006 volo
336 974 372 1004 te
395 958 527 1004 chartis
545 958 732 1004 inseruisse
752 958 854 1003 meis.

92 1032 164 1077 Sed
183 1047 221 1077 tu
241 1049 379 1078 nomen
402 1031 511 1076 habes
529 1032 656 1077 averso
677 1031 782 1076 fonte
800 1032 972 1076 sororum
1346 1040 1378 1090 ’ᾗ

159 1103 370 1168 Impositum
386 1141 397 1158 ,
418 1119 532 1149 mater
551 1105 651 1166 quod
671 1103 738 1148 tibi
753 1103 846 1164 dura
865 1101 984 1146 dedit:

92 1180 211 1239 Quod
233 1197 301 1224 nec
323 1178 598 1241 Melpomene,
620 1177 724 1239 quod
747 1195 814 1221 nee
837 1171 1081 1238 Polyhymnia
1098 1170 1233 1236 poffit,'

155 1255 236 1298 Nee
257 1252 314 1315 pia
334 1269 416 1297 cum
437 1251 578 1297 Phoebo
601 1252 726 1296 dicere
748 1249 935 1311 Calliope.

93 1326 196 1387 Ergo
217 1323 372 1385 aliquod
394 1321 534 1385 giatum
555 1321 668 1367 Musis
686 1322 751 1366 tibi
772 1323 908 1366 nomen
926 1320 1084 1383 adopta:

157 1400 247 1444 Non
267 1397 408 1461 semper
424 1396 524 1442 belle
543 1395 682 1459 dicitur*
694 1395 962 1458 Hippodamus.
1319 1406 1376 1440 ιδ

343 1573 538 1623 XXXII.
571 1579 645 1623 De
667 1596 741 1638 ape
761 1577 898 1625 eleflro
920 1578 1095 1640 inclusit.

26 1788 28 1792 v
91 1689 196 1780 ET
212 1729 299 1775 latet
317 1728 357 1776 ἃ
377 1729 476 1777 lucet
493 1729 762 1776 Phaethontide
780 1728 931 1776 condita
949 1744 1050 1793 gutta
1063 1764 1075 1784 ‚

157 1806 208 1849 Ut
227 1803 391 1849 videatur
406 1801 484 1865 apis
504 1801 647 1848 neElare
666 1801 786 1848 clausa
805 1803 885 1848 suo.

93 1876 255 1940 Dignum
277 1890 459 1921 tantorum
479 1874 636 1938 pretium
655 1874 736 1920 tulit
753 1874 816 1920 illa
834 1875 1017 1924 laborum.

158 1950 349 1997 Credibile
364 1949 413 1997 est
427 1945 542 2015 ipsam
560 1948 607 1994 fic
625 1947 781 1996 voluiffe
799 1948 910 1996 mori.

193 2419 425 2463 Martialis.
1046 2412 1082 2454 K
