1716 2927
235 143 917 191 EPIGRAMMATUM
947 148 997 192 L.
1034 147 1088 194 V.

45 251 152 314 Quid
174 253 331 315 prosunt
349 251 458 298 sacrae
475 250 637 315 pretiosa
657 248 797 297 filentia
815 249 980 315 linguae?

107 322 292 388 Incipient
312 341 441 370 omnes
462 341 533 388 pro
556 321 747 371 Cicerone
767 322 887 387 loqui.

268 506 412 556 LXX.
447 508 521 554 De
548 510 582 553 S
576 507 720 568 yrisco
741 509 802 554 ad
819 507 1081 555 Maximum.

48 607 90 693 Ι
97 661 272 691 NFUSUM
289 643 353 689 fibi
373 661 491 707 nuper
510 662 528 689 a
549 658 714 707 patrono

43 718 194 764 Plenum
211 753 224 771 ‚
242 714 406 762 Maxime
421 751 432 769 ‚
450 715 590 762 centies
611 716 775 780 Syriscus

40 793 79 834 ln
97 786 290 833 sellariolis
308 804 417 850 vagus
437 786 590 851 popinis

41 858 152 905 Circa
169 858 299 905 balnea
318 873 477 922 quatuor
496 858 653 925 peregit.
699 903 703 908 .

43 935 80 979 O
99 946 233 996 quanta
251 932 301 978 est
322 932 406 996 gula
423 970 434 988 ‚
452 932 591 980 centies
613 935 799 983 comeffe!

42 1008 200 1066 Quanto
217 1005 337 1069 major
352 1005 471 1053 adhuc
484 1042 498 1062 ,
515 1025 585 1054 nec
603 1009 803 1056 accubare!

407 1183 570 1231 LXXI.
605 1187 687 1231 Ad
702 1188 745 1231 F
738 1184 959 1251 austinum:

46 1295 143 1381 H
147 1349 296 1379 UMmA
314 1350 386 1397 qua
402 1334 542 1398 gelidas
561 1333 750 1380 summittit
765 1333 928 1380 Trebula
947 1331 1060 1379 valles
1076 1339 1089 1385 ζ

109 1409 155 1453 Et
174 1406 300 1453 viridis
316 1442 329 1460 ‚
346 1406 483 1453 Cancri
505 1406 686 1453 menfibus
701 1442 713 1461 ‚
728 1406 829 1470 alget
847 1424 959 1470 ager>

42 1483 140 1527 Rura
163 1480 351 1527 Cleonaeo
375 1498 562 1543 nunquam
579 1495 753 1526 temerata
771 1480 887 1526 leone
902 1514 916 1532 ,

109 1558 155 1601 Et
173 1555 307 1602 domus
323 1553 457 1600 AEolio
474 1553 620 1617 semper
635 1552 750 1599 amica
768 1554 873 1598 Noto
887 1586 900 1605 ,

40 1630 99 1674 Te
111 1662 124 1681 ‚
143 1626 312 1674 Faustine
327 1662 339 1680 ‚
355 1641 516 1672 vocant:
538 1626 671 1689 longas
693 1624 746 1671 his
763 1623 876 1688 exige
894 1624 1023 1672 meffes

109 1701 305 1748 Collibus:
324 1699 518 1751 hibernum
538 1699 611 1763 jam
633 1698 699 1746 ribi
718 1698 837 1745 Tibur
851 1696 935 1746 erit.

204 1884 384 1932 LXXII.
401 1885 483 1930 Ad
502 1884 665 1943 Rufum
677 1917 690 1937 ‚
709 1886 757 1929 de
775 1885 932 1945 origine
956 1881 1129 1930 Bacchi.

142 2046 189 2075 ur
207 2027 331 2092 potuit
347 2025 478 2073 Bacchi
499 2040 650 2072 matrem
668 2021 797 2070 dixiss'e
812 2024 1024 2069 Tonantem
1038 2056 1052 2076 ‚

113 2101 182 2148 me
199 2099 320 2165 potest
339 2099 511 2149 Semelen
531 2098 658 2147 dicere
672 2132 687 2165 3
702 2095 798 2145 Rufe
812 2130 826 2153 ‚
842 2110 998 2162 patrem.

1243 162 1332 209 ¹99
