1716 2927
202 112 898 169 EP'IGRAMMATUM
930 121 979 166 z.
1015 120 1144 171 Vm.
1231 128 1259 188 g

25 228 110 275 Nec
128 245 220 293 vaga
239 242 312 276 tam
330 227 432 276 tenui
454 226 628 275 discursat
647 245 777 276 aranea
797 228 893 276 tela:

92 304 184 347 Tam
203 302 286 349 leve
302 319 371 348 nec
388 300 557 365 bombyx
575 300 758 364 pendulus
774 316 884 365 urget
903 314 1013 367 opus:

24 371 188 419 Craffior
205 372 242 418 in
261 371 354 419 facie
365 372 502 419 vetulae
521 372 585 418 stat
601 388 697 418 creta
719 371 900 419 Fabullae:

92 445 254 491 Craffior
273 445 426 493 offensae
442 445 542 492 bulla
559 444 729 493 tumescit
745 463 864 510 aquae.

30 518 183 565 Fortior
202 518 242 565 &
263 519 517 566 tortos·servat
532 518 651 566 vefica
669 519 854 584 capillos,

99 593 141 637 Et
159 607 271 638 mutat
290 593 404 639 Latias
423 593 547 656 spuma
567 595 700 638 Batava
717 609 854 638 comas.

27 665 106 710 Hac
123 679 206 710 cute
223 663 359 709 Ledaeo
377 663 525 710 vestitur
542 663 667 728 pullus
683 663 720 710 in
741 681 847 710 ovo:

94 736 197 782 Talia
219 737 337 781 lunata
357 736 496 799 splenia
515 736 642 783 fronte
660 737 804 784 sedent.

31 807 136 869 Quid
156 807 221 854 tibi
241 825 323 853 cum
346 807 467 871 phiala
484 843 495 860 ‚
516 806 670 872 ligulam
691 825 775 853 curn
791 806 940 853 mittere
954 805 1101 871 posses:

94 881 249 927 Mittere
269 900 350 927 cum
367 881 490 944 poffes
511 882 569 927 vel
586 879 786 927 cochleare
807 879 922 927 mihi?

30 956 172 1019 Magna
190 953 296 999 nimis
317 953 531 1016 loquimur,
550 952 745 1000 cochleam
761 971 843 999 cum
864 952 1010 1001 mittere
1028 954 1173 1020 poffes:

95 1026 267 1091 Denique
283 1044 365 1073 cum
384 1026 508 1091 poffes
526 1024 699 1080 mittere,
719 1025 870 1081 Paulle,
892 1025 998 1074 nihil.

371 1206 590 1257 XXXIV.
625 1211 681 1256 In
697 1209 960 1276 jaffatorem3

40 1334 406 1422 ARCHETYPUM
420 1373 543 1434 Myos
558 1387 752 1436 argentum
771 1386 809 1418 te
827 1371 919 1418 dicis
938 1371 1085 1420 habere.

101 1446 221 1506 Quod
237 1444 313 1492 fine
332 1463 369 1492 te
387 1445 521 1492 saelum
539 1446 590 1492 est
604 1482 617 1501 ‚
636 1446 710 1492 hoc
727 1446 842 1510 magis
870 1447 1114 1511 archetypum
1131 1447 1192 1495 est,

302 1631 498 1678 XXXV.
532 1634 588 1680 In
598 1631 795 1696 pffmos
821 1634 1031 1696 conjug-25.

39 1740 190 1827 Cum
208 1778 280 1826 fitis
297 1780 430 1829 fimiles
445 1819 458 1837 ‚
478 1783 658 1848 paresque
675 1783 751 1832 vita
765 1820 781 1844 ,

39 1856 150 1899 Uxor
164 1853 308 1917 peffima
321 1890 333 1908 ‚
353 1855 521 1919 peffimus
542 1856 714 1911 maritus;

41 1926 165 1974 Miror
178 1961 190 1981 ,
209 1945 287 1976 non
305 1927 401 1976 bene
416 1929 623 1978 convenire
641 1930 765 1981 vebia

1259 246 1317 295 ¹52

1255 607 1318 646 ,η

1228 972 1315 1018 ,²5.
