1716 2927
310 153 424 224 DE
456 154 523 198 M.
563 154 730 198 VAL.
764 154 1180 199 MARTIALI.
1247 165 1423 202 XXXIX

189 249 272 289 Nos
296 256 450 288 textum
470 247 670 294 Scriverii,
687 262 708 287 a
739 246 960 288 Schrevelio
977 249 1220 299 recognitum
1236 280 1247 299 ,
1273 252 1426 302 recepi.

134 323 250 362 mus,
281 312 408 352 denuo
437 311 623 352 collatum
657 324 678 350 a
705 311 818 351 nobis
853 323 943 350 cum
970 310 1185 351 Raderiano
1215 315 1249 353 ἃ
1283 314 1427 359 Ἐειῑηᾶε

137 375 268 417 biano.
305 376 409 417 Inter
446 377 567 416 varias
608 378 802 416 variorum
843 378 1044 416 auetorurn
1077 377 1175 416 vitas
1211 378 1427 428 Martialis,

135 451 227 478 cum
262 439 389 491 potior
420 439 533 479 nobis
567 439 644 479 visa
682 440 773 479 effet
806 439 873 478 illa
907 438 1051 480 Matth.
1089 439 1255 490 Raderi,
1284 455 1330 481 ex
1360 443 1426 494 ip-

132 500 176 540 so
215 501 397 543 Martiale
441 503 669 542 concinnata
700 515 710 542 ε
745 501 860 553 priori
900 514 986 542 eam
1018 500 1212 542 volumini
1248 504 1424 554 praemisi-

136 577 235 604 mus.
291 566 469 606 Secundo
516 564 705 605 volumini
747 565 962 614 adJ'ecimus
988 595 999 613 ,
1033 566 1201 605 eundem
1236 566 1427 607 Schreve-

134 627 235 667 lium
276 628 427 677 secuti,
461 629 729 680 Appendicem
767 629 1099 680 Epigrammatum
1140 628 1316 669 Martiali
1354 630 1426 669 sive

134 702 225 730 vere
256 690 331 741 five
359 703 558 741 perperam
594 689 901 742 suppositorum,
934 691 1019 745 (cf.
1046 691 1096 730 cl.
1130 692 1174 732 G.
1208 693 1249 732 E.
1283 691 1429 732 Lessin-

138 751 191 803 gii
214 752 450 793 Vermischte
489 752 685 794 Schriften
710 752 850 793 Berlin.
891 767 1003 805 1771.
1038 753 1084 793 T.
1114 752 1146 794 I.
1172 754 1221 793 de
1248 753 1428 794 Martiale

135 815 169 864 §-
196 815 261 870 4.)
291 829 370 855 uno
403 816 718 868 Epigrammate,
740 815 855 855 nobis
891 816 955 865 X,
979 816 1220 865 auctiorem3
1247 816 1352 867 quod
1377 829 1428 855 ex

136 880 285 920 Codice
318 879 516 930 Salmafii,
541 881 605 932 qui
631 892 735 920 nunc
759 880 877 920 exstat
900 881 942 919 in
969 879 1207 920 bibliotheca
1230 881 1335 932 regia
1360 880 1428 919 Pa-

136 942 278 989 rifina,
305 955 328 981 a
352 942 480 982 Gudio
518 942 754 993 descriptum
779 943 928 993 primus
960 943 1002 981 in
1030 941 1158 981 lucem
1195 940 1356 992 protulit
1381 936 1431 982 cl.

139 1004 352 1056 Leffmgius
377 1005 404 1045 l.
435 1017 468 1045 e.
500 1005 780 1056 Subjunximus
812 1007 998 1055 tandem,
1026 1018 1102 1056 quo
1133 1004 1202 1044 fibi
1225 1004 1430 1055 responde-

138 1076 197 1107 ret
223 1068 422 1120 utriusque
450 1069 658 1109 voluminis
692 1069 808 1109 nostri
848 1068 1090 1120 plagularum
1119 1081 1302 1107 numerus
1320 1098 1332 1116 ,
1362 1068 1431 1107 Di-

134 1130 333 1171 versorum
356 1142 559 1183 poetarum
578 1132 620 1171 in
636 1132 816 1182 Priapum
844 1130 986 1179 Lusus,
1004 1144 1050 1171 ex
1071 1129 1271 1171 noviffima
1296 1142 1430 1169 eorum

132 1193 309 1233 editione
334 1226 346 1243 ,
380 1208 464 1245 quae
493 1195 637 1245 prodiit
666 1207 727 1233 an.
767 1205 1144 1243 CIQIQGCLXXXI,
1174 1194 1252 1233 fine
1284 1192 1362 1232 loci
1393 1195 1430 1232 Sc.

136 1256 366 1308 imprefforis
387 1269 492 1298 nota.
524 1258 583 1299 De
609 1259 654 1298 iis
676 1258 815 1299 videsis
837 1259 1030 1300 Notitiam
1053 1258 1262 1299 literariam
1285 1258 1327 1297 in
1350 1256 1431 1297 Vir.

137 1319 223 1371 gilii
240 1321 356 1360 nostri
378 1321 463 1361 Vol.
488 1321 550 1370 II,
574 1335 612 1371 p.
635 1334 725 1375 255.

288 1470 1254 1529 VERSIONES.

140 1619 326 1660 Gallicam
370 1619 581 1660 verfionem
617 1620 953 1670 Epigrammatum
995 1621 1172 1660 omnium
1205 1620 1392 1661 Martialis
1418 1652 1430 1670 ,

307 1677 344 1716 δέ
365 1674 577 1726 prosaicam
604 1676 640 1714 δε
662 1674 886 1723 metricam,
907 1675 1003 1714 fecit
1024 1675 1148 1715 mich.
1170 1677 1211 1713 de
1230 1677 1432 1725 Marones,

301 1728 414 1771 Paris.
453 1730 565 1782 1655.
603 1744 640 1777 4.
672 1736 874 1779 utramque
907 1728 1014 1768 haud
1044 1730 1174 1780 magni
1203 1731 1329 1780 pretii.
1366 1732 1436 1770 Ju-

301 1784 419 1824 vencii
435 1783 621 1824 Gallicam
643 1783 984 1834 metaphrasim&
999 1784 1125 1823 Far‘llii
1147 1785 1189 1823 in
1210 1784 1432 1824 Martialem

303 1847 416 1878 notas
430 1850 603 1883 memora
608 1846 649 1876 nt
662 1840 836 1878 auditores
856 1838 905 1877 de
918 1837 942 1877 l'
943 1838 1097 1890 Histoire
1109 1839 1169 1876 des
1185 1853 1354 1892 ouvrages
1370 1841 1433 1877 des

303 1896 452 1932 Savans
470 1892 581 1947 1693.
599 1893 700 1933 Nov.
715 1906 752 1943 p.
776 1906 862 1944 130.
881 1892 912 1930 le
930 1893 977 1931 P.
993 1893 1164 1932 Jouvenci
1185 1893 1316 1935 Jefuite
1330 1908 1433 1945 apu

305 1947 376 1985 blie
401 1962 467 1986 une
486 1947 679 1985 tradublion
700 1949 760 1985 des
775 1947 1021 1999 Epigrammes
1049 1949 1090 1985 de
1105 1949 1159 1986 M
1162 1938 1289 1995 zmal
1308 1948 1435 1986 demtis

302 2002 480 2055 obscoenis.
498 2000 551 2041 id.
577 2014 614 2051 p.
637 2013 725 2052 131.
747 2002 805 2039 M.
832 2002 874 2038 de
898 2001 935 2038 la
951 2002 1066 2040 Faille
1087 2016 1110 2039 a
1127 2001 1248 2054 publie'
1270 2002 1431 2055 quelques

299 2057 409 2108 petits
432 2070 624 2108 ouvrages,
643 2069 767 2094 comme
791 2055 852 2092 des
872 2066 969 2093 notes
987 2057 1053 2109 sur
1075 2056 1243 2095 Martial.

144 2125 346 2165 Germanice
380 2124 525 2174 singula
555 2124 742 2164 Martialis
766 2125 1055 2175 Epigrammata
1086 2124 1111 2164 l
1143 2132 1370 2172 verterunt,
1403 2124 1432 2164 1.

308 2180 479 2217 carmine
515 2178 721 2218 vernaculo
755 2179 896 2218 imitati
929 2178 1393 2233 sunt‚Mare.0pi1<ius
1419 2209 1434 2226 ‚

311 2236 370 2273 W
369 2234 480 2271 ermk
483 2247 550 2282 us,
580 2233 745 2271 Trillerus
761 2234 1089 2287 ,Tsclzernt'rzgius,
1118 2236 1188 2272 We
1192 2234 1243 2284 ff
1242 2248 1310 2282 us
1332 2233 1435 2272 Ano-

306 2300 447 2338 nymus
473 2288 514 2326 in
539 2264 783 2327 'Collectione
810 2289 1025 2327 carminum
1049 2288 1288 2326 comicorum
1310 2286 1435 2337 ‚lyri

309 2354 444 2380 corum
463 2343 498 2381 ἅ
515 2342 939 2392 epigrammaticorum,
957 2342 1129 2382 Francof.
1152 2344 1186 2380 8<
1203 2340 1300 2391 Lips.
1310 2318 1444 2391 '41764

308 2396 503 2448 Hymmius
520 2426 532 2446 ,
555 2396 732 2447 thkens
728 2410 798 2444 us,
825 2397 862 2438 ἃ
896 2398 961 2448 qui
993 2408 1126 2436 ornnes
1155 2395 1269 2435 facile
1293 2395 1376 2447 post
1395 2395 1434 2434 se
