1716 2927
323 133 384 180 30
591 126 657 173 M.
695 128 1329 175 VAL.MARTIALIS

317 229 401 275 Nec
420 230 569 276 castrare
587 231 679 276 velis
698 249 801 278 meos
817 232 983 281 libellos.

318 303 432 348 Gallo
452 302 590 366 turpius
610 302 659 349 est
679 303 772 349 nihil
793 303 936 367 Priapo.

491 476 731 523 XXXVII.
763 480 843 523 Ad
870 480 1086 523 Lucanum
1105 512 1119 535 ,
1143 477 1186 525 G·
1217 482 1401 529 Tullum.

302 592 384 679 *Sl
399 665 410 682 ‚
428 632 568 676 Lucane
583 665 594 682 ‚
612 629 701 683 tibi,
722 630 782 676 vel
802 629 824 676 fi
845 629 935 684 tibi,
953 630 1064 676 Tulle
1079 666 1090 683 ,
1107 631 1305 688 darentur,

376 703 511 764 Qualia
529 704 647 749 Ledaei
667 704 734 750 fata
753 707 916 750 Lacones
945 703 1105 749 habent:

312 776 460 822 Nobilis
480 776 557 822 haec
574 776 662 822 effet
680 776 824 839 pietatis
842 775 917 821 rixa
937 776 1080 821 duobus
1093 812 1105 830 ‚

376 850 493 909 Quod
511 868 581 912 pro
601 849 707 895 fratre
729 849 823 895 mori
842 849 958 894 vellet
976 867 1130 912 uterque
1150 848 1267 912 prior.

310 920 462 968 Diceret
482 922 639 968 infernas
659 922 779 986 &Jqui
796 922 901 986 prior
920 921 998 967 iffet
1015 922 1059 968 ad
1078 923 1241 968 umbras:

374 995 470 1043 Vive
491 1012 556 1043 tuo
570 1031 583 1051 ‚
605 996 742 1052 frater,
758 1011 953 1060 tempore,
975 996 1061 1042 vive
1079 1014 1179 1041 meo.

639 1174 895 1220 xxxvia.
934 1178 1016 1220 Ad
1037 1173 1230 1239 Baffizm.

309 1287 548 1374 VENTRIS
569 1342 663 1370 onus
681 1324 817 1371 misero
833 1359 845 1377 ‚
865 1342 932 1370 nec
953 1340 989 1369 te
1009 1323 1150 1387 pudet,
1170 1323 1310 1389 excipis
1329 1334 1445 1379 auro‚'

368 1396 466 1443 Baffa
485 1397 604 1444 :bibis
622 1397 731 1444 vitro.
752 1396 868 1442 carius
885 1414 979 1460 ergo
1001 1414 1118 1443 cacas.

619 1571 845 1619 XXXIX.
877 1574 958 1618 Ad
986 1573 1269 1616 Fidentiam,

308 1678 491 1785 QUEM
507 1716 659 1770 recitas,
677 1735 779 1763 meus
797 1716 846 1762 est
860 1752 871 1770 ‚
893 1736 916 1763 ο
936 1715 1133 1762 Fidentine
1149 1752 1160 1770 ‚
1181 1715 1350 1763 libellus:

367 1790 441 1837 Sed
458 1790 553 1837 male
569 1808 652 1836 curn
670 1789 798 1837 recitas
813 1826 825 1845 ‚
839 1789 972 1854 incipit
991 1789 1062 1836 effe
1081 1807 1175 1836 tuus.

683 1971 779 2017 XL.
813 1973 894 2016 Ad
924 1974 1182 2018 Decianum.

300 2076 373 2166 Sl
392 2121 472 2184 quis
490 2121 582 2175 erit,
600 2141 699 2168 raros
718 2122 813 2169 inter
833 2123 1075 2169 numerandus
1090 2123 1227 2169 amicos
1241 2157 1252 2175 e

362 2195 509 2254 'Quales
526 2194 642 2258 prisca
657 2195 747 2242 fides
761 2232 773 2249 .,
792 2196 959 2259 famaque
984 2197 1088 2242 novit
1106 2214 1218 2243 anus:

302 2266 340 2312 Si
358 2267 437 2330 quis
454 2268 652 2332 Cecropiae
669 2270 831 2315 madidus
850 2271 1032 2333 Latiaeque
1052 2269 1238 2317 Minervae

367 2341 516 2389 Artibus
531 2377 543 2396 ‚
564 2342 603 2390 &
621 2360 705 2391 vera
720 2342 945 2408 fimplicitate
963 2344 1108 2391 bonus:

1538 330 1590 374 ¹5
