1716 2927
258 151 937 201 EPIGRAMMATUM
968 157 1025 200 L.'
1050 158 1143 204 IX.

287 347 564 401 LXXXVIL
600 350 653 400 In
684 350 838 396 obitum
863 350 1002 394 Severi
1021 349 1141 399 Silii.

85 465 366 553 FEsTmn
385 504 434 552 sui
457 523 622 569 gemeret
640 525 721 553 cum
738 505 808 552 fata
827 505 951 553 Severi

147 576 254 623 Silius
270 614 281 631 ‚
301 576 470 624 Ausonio
491 596 567 624 non
590 578 700 624 semel
725 596 790 624 ore
811 593 970 641 potens:

86 653 180 697 Cum
201 667 314 714 grege
337 649 458 697 Pierio
478 650 623 696 moestus
642 651 863 714 Phoeboque
880 651 1084 714 querebarg

147 726 226 788 Ipse
244 744 364 771 meum
384 724 472 772 flevi
487 762 498 778 ,
518 725 611 772 dixit
634 726 778 790 Apollo
792 761 803 779 ‚
822 726 955 772 Linon.

84 798 331 863 Respexitque
352 799 448 845 suam
463 835 474 853 ‚
495 800 705 863 quae-stabat
727 799 894 863 proxima
915 799 1043 855 fratri,

149 872 350 936 Calliopen
367 909 378 926 ‚
400 873 439 920 &
458 872 528 920 ait:
549 876 608 920 Tu
625 892 778 937 quoque
795 874 923 920 vulnus
942 872 1066 921 habes.·

84 944 245 1008 Adspice
262 946 464 1009 Tarpeium
480 981 491 998 ‚
510 946 802 1010 Pallatinumque
821 950 1031 994 Tonantem
1048 968 1059 993 ε

159 1017 254 1064 Ausa
275 1018 374 1064 nefas
392 1018 553 1065 Lachesis
573 1018 661 1065 laeslt
681 1035 873 1082 utrumque
891 1023 1036 1075 Iovem..

91 1089 254 1136 Numina
275 1108 357 1136 cum
377 1090 502 1137 videas
522 1091 619 1136 duris
638 1091 805 1139 obnoxia
824 1091 902 1138 fatis
916 1127 929 1147 ,

151 1162 293 1210 Invidia
310 1163 419 1227 poffis
439 1182 645 1212 exonerare
662 1168 779 1212 Deos.

381 1348 685 1409 LXXXVHI.
719 1352 798 1395 Ad
820 1352 1058 1410 Lupercum}

90 1466 286 1552 SEPTEM
303 1502 386 1565 post
408 1502 540 1549 calices
559 1503 750 1568 Opimiani

91 1578 220 1630 Denso
239 1595 320 1623 oum
340 1578 475 1639 jaceam
501 1578 635 1625 triente
653 1579 786 1625 hlaesus
799 1613 812 1634 ,

90 1653 213 1699 Affers
232 1650 356 1697 nescio
377 1670 464 1715 quas
484 1652 573 1698 mihi
596 1651 745 1699 tabellas
760 1687 774 1705 ‚

91 1732 138 1774 Et
156 1725 273 1782 dicis,
295 1727 422 1774 Modo
443 1727 600 1774 liberum
619 1728 691 1774 effe
710 1726 786 1787 juffi

92 1798 265 1852 Nastam3
287 1799 476 1857 (servulus
497 1800 554 1846 est
570 1800 661 1846 mihi
680 1797 888 1863 paternus)

91 1870 216 1934 Signa.
234 1888 309 1916 cras
325 1870 456 1917 melius
470 1908 482 1924 ,
500 1876 666 1936 Luperce
685 1907 696 1926 ‚
716 1872 794 1917 fiet.

94 1944 203 1998 Nunc
218 1942 333 2007 fignat
350 1961 448 1991 meus
468 1945 618 1992 annulus
636 1945 820 2009 lagenam:

1317 1179 1373 1209 10
